%YAML 1.1
%TAG !u! tag:unity3d.com,2011:
--- !u!1 &5248706656144296713
GameObject:
  m_ObjectHideFlags: 0
  m_CorrespondingSourceObject: {fileID: 0}
  m_PrefabInstance: {fileID: 0}
  m_PrefabAsset: {fileID: 0}
  serializedVersion: 6
  m_Component:
  - component: {fileID: 5248706656144296715}
  - component: {fileID: 5248706656144296714}
  - component: {fileID: 5248706656144296716}
  - component: {fileID: 5248706656144296717}
  - component: {fileID: 5248706656144296718}
  - component: {fileID: 6602877618373439341}
  m_Layer: 0
  m_Name: Player_sk
  m_TagString: Untagged
  m_Icon: {fileID: 0}
  m_NavMeshLayer: 0
  m_StaticEditorFlags: 0
  m_IsActive: 1
--- !u!4 &5248706656144296715
Transform:
  m_ObjectHideFlags: 0
  m_CorrespondingSourceObject: {fileID: 0}
  m_PrefabInstance: {fileID: 0}
  m_PrefabAsset: {fileID: 0}
  m_GameObject: {fileID: 5248706656144296713}
  m_LocalRotation: {x: 0, y: 0, z: 0, w: 1}
  m_LocalPosition: {x: -14.726605, y: 0.22, z: 7.263}
  m_LocalScale: {x: 1, y: 1, z: 1}
  m_Children:
  - {fileID: 5718902578968971987}
  - {fileID: 5344610626700863023}
  m_Father: {fileID: 0}
  m_RootOrder: 0
  m_LocalEulerAnglesHint: {x: 0, y: 0, z: 0}
--- !u!136 &5248706656144296714
CapsuleCollider:
  m_ObjectHideFlags: 0
  m_CorrespondingSourceObject: {fileID: 0}
  m_PrefabInstance: {fileID: 0}
  m_PrefabAsset: {fileID: 0}
  m_GameObject: {fileID: 5248706656144296713}
  m_Material: {fileID: 0}
  m_IsTrigger: 0
  m_Enabled: 1
  m_Radius: 0.3
  m_Height: 1.1
  m_Direction: 1
  m_Center: {x: 0, y: 0.53, z: 0}
--- !u!54 &5248706656144296716
Rigidbody:
  m_ObjectHideFlags: 0
  m_CorrespondingSourceObject: {fileID: 0}
  m_PrefabInstance: {fileID: 0}
  m_PrefabAsset: {fileID: 0}
  m_GameObject: {fileID: 5248706656144296713}
  serializedVersion: 2
  m_Mass: 1
  m_Drag: 0
  m_AngularDrag: 0.05
  m_UseGravity: 1
  m_IsKinematic: 0
  m_Interpolate: 0
  m_Constraints: 0
  m_CollisionDetection: 0
--- !u!114 &5248706656144296717
MonoBehaviour:
  m_ObjectHideFlags: 0
  m_CorrespondingSourceObject: {fileID: 0}
  m_PrefabInstance: {fileID: 0}
  m_PrefabAsset: {fileID: 0}
  m_GameObject: {fileID: 5248706656144296713}
  m_Enabled: 1
  m_EditorHideFlags: 0
  m_Script: {fileID: 11500000, guid: 13a5687fe076738449af0d56797f27e4, type: 3}
  m_Name: 
  m_EditorClassIdentifier: 
  syncMode: 0
  syncInterval: 0.1
  name: 
  id: 0
  testCanvas: {fileID: 0}
  cameraSystem: {fileID: 0}
  playerInput: {fileID: 0}
  moveSpeed: 10
  jumpForce: 10
  stunTime: 2
  punchForce: 10
  collider: {fileID: 5248706656144296714}
  body: {fileID: 4906195932819918953}
  cameraPivot: {fileID: 5344610626700863023}
--- !u!114 &5248706656144296718
MonoBehaviour:
  m_ObjectHideFlags: 0
  m_CorrespondingSourceObject: {fileID: 0}
  m_PrefabInstance: {fileID: 0}
  m_PrefabAsset: {fileID: 0}
  m_GameObject: {fileID: 5248706656144296713}
  m_Enabled: 1
  m_EditorHideFlags: 0
  m_Script: {fileID: 11500000, guid: 62899f850307741f2a39c98a8b639597, type: 3}
  m_Name: 
  m_EditorClassIdentifier: 
  m_Actions: {fileID: -944628639613478452, guid: 69f52d18dac60ce4aa5ed99fcab18b38, type: 3}
  m_NotificationBehavior: 2
  m_UIInputModule: {fileID: 0}
  m_DeviceLostEvent:
    m_PersistentCalls:
      m_Calls: []
  m_DeviceRegainedEvent:
    m_PersistentCalls:
      m_Calls: []
  m_ControlsChangedEvent:
    m_PersistentCalls:
      m_Calls: []
  m_ActionEvents:
  - m_PersistentCalls:
      m_Calls:
      - m_Target: {fileID: 5248706656144296717}
        m_TargetAssemblyTypeName: FC_CharaController, Assembly-CSharp
        m_MethodName: GetMovementValues
        m_Mode: 0
        m_Arguments:
          m_ObjectArgument: {fileID: 0}
          m_ObjectArgumentAssemblyTypeName: UnityEngine.Object, UnityEngine
          m_IntArgument: 0
          m_FloatArgument: 0
          m_StringArgument: 
          m_BoolArgument: 0
        m_CallState: 2
    m_ActionId: ecdd824f-b501-4836-8d95-ab7ada0bb539
    m_ActionName: Player/Move[/XInputControllerWindows/leftStick,/Keyboard/w,/Keyboard/upArrow,/Keyboard/s,/Keyboard/downArrow,/Keyboard/a,/Keyboard/leftArrow,/Keyboard/d,/Keyboard/rightArrow]
  - m_PersistentCalls:
      m_Calls:
      - m_Target: {fileID: 4721019619135648289}
        m_TargetAssemblyTypeName: CameraControl, Assembly-CSharp
        m_MethodName: OnLook
        m_Mode: 0
        m_Arguments:
          m_ObjectArgument: {fileID: 0}
          m_ObjectArgumentAssemblyTypeName: UnityEngine.Object, UnityEngine
          m_IntArgument: 0
          m_FloatArgument: 0
          m_StringArgument: 
          m_BoolArgument: 0
        m_CallState: 2
    m_ActionId: 40945a22-7442-4652-addf-93e3686d9221
    m_ActionName: Player/Look[/XInputControllerWindows/rightStick,/Mouse/delta]
  - m_PersistentCalls:
      m_Calls:
      - m_Target: {fileID: 5248706656144296717}
        m_TargetAssemblyTypeName: FC_CharaController, Assembly-CSharp
        m_MethodName: GetHitInput
        m_Mode: 0
        m_Arguments:
          m_ObjectArgument: {fileID: 0}
          m_ObjectArgumentAssemblyTypeName: UnityEngine.Object, UnityEngine
          m_IntArgument: 0
          m_FloatArgument: 0
          m_StringArgument: 
          m_BoolArgument: 0
        m_CallState: 2
    m_ActionId: 154e90ab-2d6c-4f15-89dc-8b7370188d40
    m_ActionName: Player/Fire[/XInputControllerWindows/rightTrigger,/Mouse/leftButton]
  - m_PersistentCalls:
      m_Calls: []
    m_ActionId: 75a789ab-3655-48db-9ada-fb22b7ba1424
    m_ActionName: UI/Navigate[/XInputControllerWindows/leftStick/up,/XInputControllerWindows/rightStick/up,/XInputControllerWindows/leftStick/down,/XInputControllerWindows/rightStick/down,/XInputControllerWindows/leftStick/left,/XInputControllerWindows/rightStick/left,/XInputControllerWindows/leftStick/right,/XInputControllerWindows/rightStick/right,/XInputControllerWindows/dpad,/Keyboard/w,/Keyboard/upArrow,/Keyboard/s,/Keyboard/downArrow,/Keyboard/a,/Keyboard/leftArrow,/Keyboard/d,/Keyboard/rightArrow]
  - m_PersistentCalls:
      m_Calls: []
    m_ActionId: 59535e11-05aa-40fc-ab06-7be042e9c48a
    m_ActionName: UI/Submit[/Keyboard/enter,/XInputControllerWindows/buttonSouth]
  - m_PersistentCalls:
      m_Calls: []
    m_ActionId: e2cb32eb-c4a5-4dea-b490-0117c00b91b3
    m_ActionName: UI/Cancel[/Keyboard/escape,/XInputControllerWindows/buttonEast]
  - m_PersistentCalls:
      m_Calls: []
    m_ActionId: e1a46f6b-bb55-4e54-8bc6-0e29212aa32f
    m_ActionName: UI/Point[/Mouse/position]
  - m_PersistentCalls:
      m_Calls: []
    m_ActionId: ce9ce582-9b66-4952-bd3f-bc2f2b5f11eb
    m_ActionName: UI/Click[/Mouse/leftButton]
  - m_PersistentCalls:
      m_Calls: []
    m_ActionId: 78d2efce-62a2-4d11-8cd3-f8fdacd41d56
    m_ActionName: UI/ScrollWheel[/Mouse/scroll]
  - m_PersistentCalls:
      m_Calls: []
    m_ActionId: bdfed6e1-559a-469e-a390-80aca76f0e55
    m_ActionName: UI/MiddleClick[/Mouse/middleButton]
  - m_PersistentCalls:
      m_Calls: []
    m_ActionId: 82a931a5-e9cc-40eb-812b-fce076af5a20
    m_ActionName: UI/RightClick[/Mouse/rightButton]
  - m_PersistentCalls:
      m_Calls: []
    m_ActionId: 7e49d125-9bbb-4cf3-a5e3-529967c7f6ae
    m_ActionName: UI/TrackedDevicePosition
  - m_PersistentCalls:
      m_Calls: []
    m_ActionId: 52aaf8eb-9623-405e-a80f-0759a5a5fb6e
    m_ActionName: UI/TrackedDeviceOrientation
  - m_PersistentCalls:
      m_Calls:
      - m_Target: {fileID: 5248706656144296717}
        m_TargetAssemblyTypeName: FC_CharaController, Assembly-CSharp
        m_MethodName: GetJumpInput
        m_Mode: 0
        m_Arguments:
          m_ObjectArgument: {fileID: 0}
          m_ObjectArgumentAssemblyTypeName: UnityEngine.Object, UnityEngine
          m_IntArgument: 0
          m_FloatArgument: 0
          m_StringArgument: 
          m_BoolArgument: 0
        m_CallState: 2
    m_ActionId: 8b1efa13-2cb9-4983-985a-b99b8a0e349c
    m_ActionName: Player/Jump[/XInputControllerWindows/buttonSouth,/Keyboard/space,/Mouse/rightButton]
  m_NeverAutoSwitchControlSchemes: 0
  m_DefaultControlScheme: Keyboard&Mouse
  m_DefaultActionMap: Player
  m_SplitScreenIndex: -1
  m_Camera: {fileID: 0}
--- !u!114 &6602877618373439341
MonoBehaviour:
  m_ObjectHideFlags: 0
  m_CorrespondingSourceObject: {fileID: 0}
  m_PrefabInstance: {fileID: 0}
  m_PrefabAsset: {fileID: 0}
  m_GameObject: {fileID: 5248706656144296713}
  m_Enabled: 1
  m_EditorHideFlags: 0
  m_Script: {fileID: 11500000, guid: 9b91ecbcc199f4492b9a91e820070131, type: 3}
  m_Name: 
  m_EditorClassIdentifier: 
  sceneId: 0
  serverOnly: 0
  m_AssetId: 
  hasSpawned: 0
--- !u!1001 &5248706657030209124
PrefabInstance:
  m_ObjectHideFlags: 0
  serializedVersion: 2
  m_Modification:
    m_TransformParent: {fileID: 5248706656144296715}
    m_Modifications:
    - target: {fileID: 215321661426833483, guid: 959ae8f5871e20e418bc0c508de9e9f1, type: 3}
      propertyPath: m_RootOrder
      value: 1
      objectReference: {fileID: 0}
    - target: {fileID: 215321661426833483, guid: 959ae8f5871e20e418bc0c508de9e9f1, type: 3}
      propertyPath: m_LocalPosition.x
      value: 0
      objectReference: {fileID: 0}
    - target: {fileID: 215321661426833483, guid: 959ae8f5871e20e418bc0c508de9e9f1, type: 3}
      propertyPath: m_LocalPosition.y
      value: 0
      objectReference: {fileID: 0}
    - target: {fileID: 215321661426833483, guid: 959ae8f5871e20e418bc0c508de9e9f1, type: 3}
      propertyPath: m_LocalPosition.z
      value: 0
      objectReference: {fileID: 0}
    - target: {fileID: 215321661426833483, guid: 959ae8f5871e20e418bc0c508de9e9f1, type: 3}
      propertyPath: m_LocalRotation.w
      value: 1
      objectReference: {fileID: 0}
    - target: {fileID: 215321661426833483, guid: 959ae8f5871e20e418bc0c508de9e9f1, type: 3}
      propertyPath: m_LocalRotation.x
      value: -0
      objectReference: {fileID: 0}
    - target: {fileID: 215321661426833483, guid: 959ae8f5871e20e418bc0c508de9e9f1, type: 3}
      propertyPath: m_LocalRotation.y
      value: -0
      objectReference: {fileID: 0}
    - target: {fileID: 215321661426833483, guid: 959ae8f5871e20e418bc0c508de9e9f1, type: 3}
      propertyPath: m_LocalRotation.z
      value: -0
      objectReference: {fileID: 0}
    - target: {fileID: 215321661426833483, guid: 959ae8f5871e20e418bc0c508de9e9f1, type: 3}
      propertyPath: m_LocalEulerAnglesHint.x
      value: 0
      objectReference: {fileID: 0}
    - target: {fileID: 215321661426833483, guid: 959ae8f5871e20e418bc0c508de9e9f1, type: 3}
      propertyPath: m_LocalEulerAnglesHint.y
      value: 0
      objectReference: {fileID: 0}
    - target: {fileID: 215321661426833483, guid: 959ae8f5871e20e418bc0c508de9e9f1, type: 3}
      propertyPath: m_LocalEulerAnglesHint.z
      value: 0
      objectReference: {fileID: 0}
    - target: {fileID: 671960698459884613, guid: 959ae8f5871e20e418bc0c508de9e9f1, type: 3}
      propertyPath: cameraPivot
      value: 
      objectReference: {fileID: 5344610626700863023}
    - target: {fileID: 1830057028889884325, guid: 959ae8f5871e20e418bc0c508de9e9f1, type: 3}
      propertyPath: m_LocalPosition.y
      value: 4.8
      objectReference: {fileID: 0}
    - target: {fileID: 1830057028889884325, guid: 959ae8f5871e20e418bc0c508de9e9f1, type: 3}
      propertyPath: m_LocalPosition.z
      value: -5.95
      objectReference: {fileID: 0}
    - target: {fileID: 4044633566500453303, guid: 959ae8f5871e20e418bc0c508de9e9f1, type: 3}
      propertyPath: m_Name
      value: CameraPivot
      objectReference: {fileID: 0}
    - target: {fileID: 4044633566500453303, guid: 959ae8f5871e20e418bc0c508de9e9f1, type: 3}
      propertyPath: m_IsActive
      value: 1
      objectReference: {fileID: 0}
    m_RemovedComponents: []
  m_SourcePrefab: {fileID: 100100000, guid: 959ae8f5871e20e418bc0c508de9e9f1, type: 3}
--- !u!4 &5344610626700863023 stripped
Transform:
  m_CorrespondingSourceObject: {fileID: 215321661426833483, guid: 959ae8f5871e20e418bc0c508de9e9f1, type: 3}
  m_PrefabInstance: {fileID: 5248706657030209124}
  m_PrefabAsset: {fileID: 0}
--- !u!114 &4721019619135648289 stripped
MonoBehaviour:
  m_CorrespondingSourceObject: {fileID: 671960698459884613, guid: 959ae8f5871e20e418bc0c508de9e9f1, type: 3}
  m_PrefabInstance: {fileID: 5248706657030209124}
  m_PrefabAsset: {fileID: 0}
  m_GameObject: {fileID: 0}
  m_Enabled: 1
  m_EditorHideFlags: 0
  m_Script: {fileID: 11500000, guid: 384616ed500f4cc45be7d8ad3b62cefe, type: 3}
  m_Name: 
  m_EditorClassIdentifier: 
--- !u!1001 &8739543803417538041
PrefabInstance:
  m_ObjectHideFlags: 0
  serializedVersion: 2
  m_Modification:
    m_TransformParent: {fileID: 5248706656144296715}
    m_Modifications:
    - target: {fileID: 3896888357550679850, guid: 77a61f434aaf9114588c20911a030fc2, type: 3}
      propertyPath: m_RootOrder
      value: 0
      objectReference: {fileID: 0}
    - target: {fileID: 3896888357550679850, guid: 77a61f434aaf9114588c20911a030fc2, type: 3}
      propertyPath: m_LocalPosition.x
      value: 0
      objectReference: {fileID: 0}
    - target: {fileID: 3896888357550679850, guid: 77a61f434aaf9114588c20911a030fc2, type: 3}
      propertyPath: m_LocalPosition.y
      value: 0
      objectReference: {fileID: 0}
    - target: {fileID: 3896888357550679850, guid: 77a61f434aaf9114588c20911a030fc2, type: 3}
      propertyPath: m_LocalPosition.z
      value: 0
      objectReference: {fileID: 0}
    - target: {fileID: 3896888357550679850, guid: 77a61f434aaf9114588c20911a030fc2, type: 3}
      propertyPath: m_LocalRotation.w
      value: 1
      objectReference: {fileID: 0}
    - target: {fileID: 3896888357550679850, guid: 77a61f434aaf9114588c20911a030fc2, type: 3}
      propertyPath: m_LocalRotation.x
      value: 0
      objectReference: {fileID: 0}
    - target: {fileID: 3896888357550679850, guid: 77a61f434aaf9114588c20911a030fc2, type: 3}
      propertyPath: m_LocalRotation.y
      value: 0
      objectReference: {fileID: 0}
    - target: {fileID: 3896888357550679850, guid: 77a61f434aaf9114588c20911a030fc2, type: 3}
      propertyPath: m_LocalRotation.z
      value: 0
      objectReference: {fileID: 0}
    - target: {fileID: 3896888357550679850, guid: 77a61f434aaf9114588c20911a030fc2, type: 3}
      propertyPath: m_LocalEulerAnglesHint.x
      value: 0
      objectReference: {fileID: 0}
    - target: {fileID: 3896888357550679850, guid: 77a61f434aaf9114588c20911a030fc2, type: 3}
      propertyPath: m_LocalEulerAnglesHint.y
      value: 0
      objectReference: {fileID: 0}
    - target: {fileID: 3896888357550679850, guid: 77a61f434aaf9114588c20911a030fc2, type: 3}
      propertyPath: m_LocalEulerAnglesHint.z
      value: 0
      objectReference: {fileID: 0}
    - target: {fileID: 4422350099273334160, guid: 77a61f434aaf9114588c20911a030fc2, type: 3}
      propertyPath: m_Name
      value: Skeleton_Asset
      objectReference: {fileID: 0}
    m_RemovedComponents: []
  m_SourcePrefab: {fileID: 100100000, guid: 77a61f434aaf9114588c20911a030fc2, type: 3}
--- !u!1 &4906195932819918953 stripped
GameObject:
  m_CorrespondingSourceObject: {fileID: 4422350099273334160, guid: 77a61f434aaf9114588c20911a030fc2, type: 3}
  m_PrefabInstance: {fileID: 8739543803417538041}
  m_PrefabAsset: {fileID: 0}
--- !u!4 &5718902578968971987 stripped
Transform:
  m_CorrespondingSourceObject: {fileID: 3896888357550679850, guid: 77a61f434aaf9114588c20911a030fc2, type: 3}
  m_PrefabInstance: {fileID: 8739543803417538041}
  m_PrefabAsset: {fileID: 0}
