%YAML 1.1
%TAG !u! tag:unity3d.com,2011:
--- !u!1 &104467535723420771
GameObject:
  m_ObjectHideFlags: 0
  m_CorrespondingSourceObject: {fileID: 0}
  m_PrefabInstance: {fileID: 0}
  m_PrefabAsset: {fileID: 0}
  serializedVersion: 6
  m_Component:
  - component: {fileID: 8873268654971973068}
  m_Layer: 0
  m_Name: Head_up_jnt
  m_TagString: Untagged
  m_Icon: {fileID: 0}
  m_NavMeshLayer: 0
  m_StaticEditorFlags: 0
  m_IsActive: 1
--- !u!4 &8873268654971973068
Transform:
  m_ObjectHideFlags: 0
  m_CorrespondingSourceObject: {fileID: 0}
  m_PrefabInstance: {fileID: 0}
  m_PrefabAsset: {fileID: 0}
  m_GameObject: {fileID: 104467535723420771}
  m_LocalRotation: {x: 0, y: -0, z: -0, w: 1}
  m_LocalPosition: {x: -0.25097084, y: 2.436065e-16, z: -0.035653234}
  m_LocalScale: {x: 1, y: 1, z: 1}
  m_Children: []
  m_Father: {fileID: 1474831622249458830}
  m_RootOrder: 1
  m_LocalEulerAnglesHint: {x: 0, y: 0, z: 0}
--- !u!1 &539637545752907003
GameObject:
  m_ObjectHideFlags: 0
  m_CorrespondingSourceObject: {fileID: 0}
  m_PrefabInstance: {fileID: 0}
  m_PrefabAsset: {fileID: 0}
  serializedVersion: 6
  m_Component:
  - component: {fileID: 1776873754330045233}
  m_Layer: 0
  m_Name: L_1_Finger_Jnt3
  m_TagString: Untagged
  m_Icon: {fileID: 0}
  m_NavMeshLayer: 0
  m_StaticEditorFlags: 0
  m_IsActive: 1
--- !u!4 &1776873754330045233
Transform:
  m_ObjectHideFlags: 0
  m_CorrespondingSourceObject: {fileID: 0}
  m_PrefabInstance: {fileID: 0}
  m_PrefabAsset: {fileID: 0}
  m_GameObject: {fileID: 539637545752907003}
  m_LocalRotation: {x: 0, y: -0, z: -0, w: 1}
  m_LocalPosition: {x: -0.046868976, y: -7.194245e-16, z: 1.4210854e-16}
  m_LocalScale: {x: 1, y: 1, z: 1}
  m_Children: []
  m_Father: {fileID: 8769335956415314212}
  m_RootOrder: 0
  m_LocalEulerAnglesHint: {x: 0, y: 0, z: 0}
--- !u!1 &1270871096418904622
GameObject:
  m_ObjectHideFlags: 0
  m_CorrespondingSourceObject: {fileID: 0}
  m_PrefabInstance: {fileID: 0}
  m_PrefabAsset: {fileID: 0}
  serializedVersion: 6
  m_Component:
  - component: {fileID: 4085395503041960328}
  m_Layer: 0
  m_Name: R_2_Finger_Jnt4
  m_TagString: Untagged
  m_Icon: {fileID: 0}
  m_NavMeshLayer: 0
  m_StaticEditorFlags: 0
  m_IsActive: 1
--- !u!4 &4085395503041960328
Transform:
  m_ObjectHideFlags: 0
  m_CorrespondingSourceObject: {fileID: 0}
  m_PrefabInstance: {fileID: 0}
  m_PrefabAsset: {fileID: 0}
  m_GameObject: {fileID: 1270871096418904622}
  m_LocalRotation: {x: -0.000019322533, y: 0.0015061024, z: 0.012983192, w: 0.9999146}
  m_LocalPosition: {x: 0.043573108, y: 0.001131777, z: -0.0001313201}
  m_LocalScale: {x: 1, y: 1, z: 1}
  m_Children: []
  m_Father: {fileID: 6031568904513990272}
  m_RootOrder: 0
  m_LocalEulerAnglesHint: {x: 0, y: 0, z: 0}
--- !u!1 &1500617326197773637
GameObject:
  m_ObjectHideFlags: 0
  m_CorrespondingSourceObject: {fileID: 0}
  m_PrefabInstance: {fileID: 0}
  m_PrefabAsset: {fileID: 0}
  serializedVersion: 6
  m_Component:
  - component: {fileID: 2430324930735090943}
  m_Layer: 0
  m_Name: L_Ankle_jnt
  m_TagString: Untagged
  m_Icon: {fileID: 0}
  m_NavMeshLayer: 0
  m_StaticEditorFlags: 0
  m_IsActive: 1
--- !u!4 &2430324930735090943
Transform:
  m_ObjectHideFlags: 0
  m_CorrespondingSourceObject: {fileID: 0}
  m_PrefabInstance: {fileID: 0}
  m_PrefabAsset: {fileID: 0}
  m_GameObject: {fileID: 1500617326197773637}
  m_LocalRotation: {x: 0.000000008171946, y: -0.0000000066514367, z: -0.52865565, w: 0.84883636}
  m_LocalPosition: {x: -0.15748274, y: -5.8036506e-16, z: -7.460646e-17}
  m_LocalScale: {x: 1, y: 1, z: 1}
  m_Children:
  - {fileID: 1198806782609591591}
  m_Father: {fileID: 4819156091506486957}
  m_RootOrder: 0
  m_LocalEulerAnglesHint: {x: 0, y: 0, z: 0}
--- !u!1 &1627889721662642830
GameObject:
  m_ObjectHideFlags: 0
  m_CorrespondingSourceObject: {fileID: 0}
  m_PrefabInstance: {fileID: 0}
  m_PrefabAsset: {fileID: 0}
  serializedVersion: 6
  m_Component:
  - component: {fileID: 4455848307532932185}
  m_Layer: 0
  m_Name: L_Thumb_Jnt
  m_TagString: Untagged
  m_Icon: {fileID: 0}
  m_NavMeshLayer: 0
  m_StaticEditorFlags: 0
  m_IsActive: 1
--- !u!4 &4455848307532932185
Transform:
  m_ObjectHideFlags: 0
  m_CorrespondingSourceObject: {fileID: 0}
  m_PrefabInstance: {fileID: 0}
  m_PrefabAsset: {fileID: 0}
  m_GameObject: {fileID: 1627889721662642830}
  m_LocalRotation: {x: 0, y: -0, z: -0, w: 1}
  m_LocalPosition: {x: -0.048529718, y: 5.3290704e-17, z: 0}
  m_LocalScale: {x: 1, y: 1, z: 1}
  m_Children: []
  m_Father: {fileID: 8573198523103855361}
  m_RootOrder: 0
  m_LocalEulerAnglesHint: {x: 0, y: 0, z: 0}
--- !u!1 &1666411013894848768
GameObject:
  m_ObjectHideFlags: 0
  m_CorrespondingSourceObject: {fileID: 0}
  m_PrefabInstance: {fileID: 0}
  m_PrefabAsset: {fileID: 0}
  serializedVersion: 6
  m_Component:
  - component: {fileID: 7776557215945470077}
  m_Layer: 0
  m_Name: R_2_Finger_3
  m_TagString: Untagged
  m_Icon: {fileID: 0}
  m_NavMeshLayer: 0
  m_StaticEditorFlags: 0
  m_IsActive: 1
--- !u!4 &7776557215945470077
Transform:
  m_ObjectHideFlags: 0
  m_CorrespondingSourceObject: {fileID: 0}
  m_PrefabInstance: {fileID: 0}
  m_PrefabAsset: {fileID: 0}
  m_GameObject: {fileID: 1666411013894848768}
  m_LocalRotation: {x: -0.016477702, y: 0.10672869, z: 0.12627995, w: 0.9860988}
  m_LocalPosition: {x: 0.081769675, y: 0.04729496, z: 0.00000013786727}
  m_LocalScale: {x: 1, y: 1, z: 1}
  m_Children:
  - {fileID: 6031568904513990272}
  m_Father: {fileID: 5041000454305337732}
  m_RootOrder: 1
  m_LocalEulerAnglesHint: {x: 0, y: 0, z: 0}
--- !u!1 &1669874664886328897
GameObject:
  m_ObjectHideFlags: 0
  m_CorrespondingSourceObject: {fileID: 0}
  m_PrefabInstance: {fileID: 0}
  m_PrefabAsset: {fileID: 0}
  serializedVersion: 6
  m_Component:
  - component: {fileID: 6031568904513990272}
  m_Layer: 0
  m_Name: R_2_Finger_4
  m_TagString: Untagged
  m_Icon: {fileID: 0}
  m_NavMeshLayer: 0
  m_StaticEditorFlags: 0
  m_IsActive: 1
--- !u!4 &6031568904513990272
Transform:
  m_ObjectHideFlags: 0
  m_CorrespondingSourceObject: {fileID: 0}
  m_PrefabInstance: {fileID: 0}
  m_PrefabAsset: {fileID: 0}
  m_GameObject: {fileID: 1669874664886328897}
  m_LocalRotation: {x: -6.6407383e-19, y: 5.7245875e-17, z: 4.8572257e-17, w: 1}
  m_LocalPosition: {x: 0.052972883, y: 0.0000000034870469, z: -0.00000054133784}
  m_LocalScale: {x: 1, y: 1, z: 1}
  m_Children:
  - {fileID: 4085395503041960328}
  m_Father: {fileID: 7776557215945470077}
  m_RootOrder: 0
  m_LocalEulerAnglesHint: {x: 0, y: 0, z: 0}
--- !u!1 &1792028938930647169
GameObject:
  m_ObjectHideFlags: 0
  m_CorrespondingSourceObject: {fileID: 0}
  m_PrefabInstance: {fileID: 0}
  m_PrefabAsset: {fileID: 0}
  serializedVersion: 6
  m_Component:
  - component: {fileID: 2921385953939606648}
  m_Layer: 0
  m_Name: Spine_jnt
  m_TagString: Untagged
  m_Icon: {fileID: 0}
  m_NavMeshLayer: 0
  m_StaticEditorFlags: 0
  m_IsActive: 1
--- !u!4 &2921385953939606648
Transform:
  m_ObjectHideFlags: 0
  m_CorrespondingSourceObject: {fileID: 0}
  m_PrefabInstance: {fileID: 0}
  m_PrefabAsset: {fileID: 0}
  m_GameObject: {fileID: 1792028938930647169}
  m_LocalRotation: {x: 8.522538e-17, y: -0.26760942, z: 1.5077079e-16, w: 0.9635275}
  m_LocalPosition: {x: -0.10264626, y: 4.5584097e-17, z: 1.7763568e-17}
  m_LocalScale: {x: 1, y: 1, z: 1}
  m_Children:
  - {fileID: 677807438471752001}
  m_Father: {fileID: 4373784576424132218}
  m_RootOrder: 2
  m_LocalEulerAnglesHint: {x: 0, y: 0, z: 0}
--- !u!1 &2120093895680255280
GameObject:
  m_ObjectHideFlags: 0
  m_CorrespondingSourceObject: {fileID: 0}
  m_PrefabInstance: {fileID: 0}
  m_PrefabAsset: {fileID: 0}
  serializedVersion: 6
  m_Component:
  - component: {fileID: 165669792436290111}
  m_Layer: 0
  m_Name: L_Thumb_1
  m_TagString: Untagged
  m_Icon: {fileID: 0}
  m_NavMeshLayer: 0
  m_StaticEditorFlags: 0
  m_IsActive: 1
--- !u!4 &165669792436290111
Transform:
  m_ObjectHideFlags: 0
  m_CorrespondingSourceObject: {fileID: 0}
  m_PrefabInstance: {fileID: 0}
  m_PrefabAsset: {fileID: 0}
  m_GameObject: {fileID: 2120093895680255280}
  m_LocalRotation: {x: -0.06375818, y: 0.12077903, z: -0.20181927, w: 0.96985376}
  m_LocalPosition: {x: -0.04972966, y: 0.031809345, z: 0.0072035864}
  m_LocalScale: {x: 1, y: 1, z: 1}
  m_Children:
  - {fileID: 8573198523103855361}
  m_Father: {fileID: 2994281806820177200}
  m_RootOrder: 2
  m_LocalEulerAnglesHint: {x: 0, y: 0, z: 0}
--- !u!1 &2214721083399551603
GameObject:
  m_ObjectHideFlags: 0
  m_CorrespondingSourceObject: {fileID: 0}
  m_PrefabInstance: {fileID: 0}
  m_PrefabAsset: {fileID: 0}
  serializedVersion: 6
  m_Component:
  - component: {fileID: 7560084654030797156}
  m_Layer: 0
  m_Name: R_Foot_jnt1
  m_TagString: Untagged
  m_Icon: {fileID: 0}
  m_NavMeshLayer: 0
  m_StaticEditorFlags: 0
  m_IsActive: 1
--- !u!4 &7560084654030797156
Transform:
  m_ObjectHideFlags: 0
  m_CorrespondingSourceObject: {fileID: 0}
  m_PrefabInstance: {fileID: 0}
  m_PrefabAsset: {fileID: 0}
  m_GameObject: {fileID: 2214721083399551603}
  m_LocalRotation: {x: -2.5321075e-28, y: -5.704089e-17, z: -0.23017302, w: 0.9731498}
  m_LocalPosition: {x: 0.09664155, y: -0.000000026848715, z: -3.5527136e-17}
  m_LocalScale: {x: 1, y: 1, z: 1}
  m_Children:
  - {fileID: 8468006041899496799}
  m_Father: {fileID: 71788030275330358}
  m_RootOrder: 0
  m_LocalEulerAnglesHint: {x: 0, y: 0, z: 0}
--- !u!1 &2234135242979669660
GameObject:
  m_ObjectHideFlags: 0
  m_CorrespondingSourceObject: {fileID: 0}
  m_PrefabInstance: {fileID: 0}
  m_PrefabAsset: {fileID: 0}
  serializedVersion: 6
  m_Component:
  - component: {fileID: 2994281806820177200}
  m_Layer: 0
  m_Name: L_Wrist_jnt
  m_TagString: Untagged
  m_Icon: {fileID: 0}
  m_NavMeshLayer: 0
  m_StaticEditorFlags: 0
  m_IsActive: 1
--- !u!4 &2994281806820177200
Transform:
  m_ObjectHideFlags: 0
  m_CorrespondingSourceObject: {fileID: 0}
  m_PrefabInstance: {fileID: 0}
  m_PrefabAsset: {fileID: 0}
  m_GameObject: {fileID: 2234135242979669660}
  m_LocalRotation: {x: 0.015308272, y: -0.108415194, z: -0.13897295, w: 0.98422474}
  m_LocalPosition: {x: -0.16138618, y: -3.391848e-18, z: -8.0992544e-16}
  m_LocalScale: {x: 1, y: 1, z: 1}
  m_Children:
  - {fileID: 8783544804776539289}
  - {fileID: 5829204525804428227}
  - {fileID: 165669792436290111}
  m_Father: {fileID: 6133226850497148145}
  m_RootOrder: 0
  m_LocalEulerAnglesHint: {x: 0, y: 0, z: 0}
--- !u!1 &2623711325447784063
GameObject:
  m_ObjectHideFlags: 0
  m_CorrespondingSourceObject: {fileID: 0}
  m_PrefabInstance: {fileID: 0}
  m_PrefabAsset: {fileID: 0}
  serializedVersion: 6
  m_Component:
  - component: {fileID: 6347960549015631381}
  m_Layer: 0
  m_Name: Spine_jnt3
  m_TagString: Untagged
  m_Icon: {fileID: 0}
  m_NavMeshLayer: 0
  m_StaticEditorFlags: 0
  m_IsActive: 1
--- !u!4 &6347960549015631381
Transform:
  m_ObjectHideFlags: 0
  m_CorrespondingSourceObject: {fileID: 0}
  m_PrefabInstance: {fileID: 0}
  m_PrefabAsset: {fileID: 0}
  m_GameObject: {fileID: 2623711325447784063}
  m_LocalRotation: {x: -1.2973765e-16, y: -0.061266948, z: 1.1473158e-16, w: 0.99812144}
  m_LocalPosition: {x: -0.03749805, y: 1.6602651e-17, z: -5.360298e-17}
  m_LocalScale: {x: 1, y: 1, z: 1}
  m_Children:
  - {fileID: 2339501777925265844}
  m_Father: {fileID: 4953427910993923159}
  m_RootOrder: 0
  m_LocalEulerAnglesHint: {x: 0, y: 0, z: 0}
--- !u!1 &2781847956855521664
GameObject:
  m_ObjectHideFlags: 0
  m_CorrespondingSourceObject: {fileID: 0}
  m_PrefabInstance: {fileID: 0}
  m_PrefabAsset: {fileID: 0}
  serializedVersion: 6
  m_Component:
  - component: {fileID: 1198806782609591591}
  m_Layer: 0
  m_Name: L_Foot_jnt
  m_TagString: Untagged
  m_Icon: {fileID: 0}
  m_NavMeshLayer: 0
  m_StaticEditorFlags: 0
  m_IsActive: 1
--- !u!4 &1198806782609591591
Transform:
  m_ObjectHideFlags: 0
  m_CorrespondingSourceObject: {fileID: 0}
  m_PrefabInstance: {fileID: 0}
  m_PrefabAsset: {fileID: 0}
  m_GameObject: {fileID: 2781847956855521664}
  m_LocalRotation: {x: 0, y: 0, z: -0.23017302, w: 0.9731498}
  m_LocalPosition: {x: -0.09664154, y: -3.5527136e-17, z: 2.752065e-13}
  m_LocalScale: {x: 1, y: 1, z: 1}
  m_Children:
  - {fileID: 7713321382803269675}
  m_Father: {fileID: 2430324930735090943}
  m_RootOrder: 0
  m_LocalEulerAnglesHint: {x: 0, y: 0, z: 0}
--- !u!1 &3102169893409244343
GameObject:
  m_ObjectHideFlags: 0
  m_CorrespondingSourceObject: {fileID: 0}
  m_PrefabInstance: {fileID: 0}
  m_PrefabAsset: {fileID: 0}
  serializedVersion: 6
  m_Component:
  - component: {fileID: 1750372774620278333}
  m_Layer: 0
  m_Name: L_2_Finger_2
  m_TagString: Untagged
  m_Icon: {fileID: 0}
  m_NavMeshLayer: 0
  m_StaticEditorFlags: 0
  m_IsActive: 1
--- !u!4 &1750372774620278333
Transform:
  m_ObjectHideFlags: 0
  m_CorrespondingSourceObject: {fileID: 0}
  m_PrefabInstance: {fileID: 0}
  m_PrefabAsset: {fileID: 0}
  m_GameObject: {fileID: 3102169893409244343}
  m_LocalRotation: {x: -0.000019322533, y: 0.0015061024, z: 0.012983192, w: 0.9999146}
  m_LocalPosition: {x: -0.052972555, y: 3.2380253e-17, z: -1.2624682e-16}
  m_LocalScale: {x: 1, y: 1, z: 1}
  m_Children:
  - {fileID: 7413006817215257445}
  m_Father: {fileID: 5829204525804428227}
  m_RootOrder: 0
  m_LocalEulerAnglesHint: {x: 0, y: 0, z: 0}
--- !u!1 &3490074105732129862
GameObject:
  m_ObjectHideFlags: 0
  m_CorrespondingSourceObject: {fileID: 0}
  m_PrefabInstance: {fileID: 0}
  m_PrefabAsset: {fileID: 0}
  serializedVersion: 6
  m_Component:
  - component: {fileID: 604835209805728509}
  m_Layer: 0
  m_Name: R_1_Finger_3
  m_TagString: Untagged
  m_Icon: {fileID: 0}
  m_NavMeshLayer: 0
  m_StaticEditorFlags: 0
  m_IsActive: 1
--- !u!4 &604835209805728509
Transform:
  m_ObjectHideFlags: 0
  m_CorrespondingSourceObject: {fileID: 0}
  m_PrefabInstance: {fileID: 0}
  m_PrefabAsset: {fileID: 0}
  m_GameObject: {fileID: 3490074105732129862}
  m_LocalRotation: {x: -0.016477702, y: 0.10672869, z: 0.12627995, w: 0.9860988}
  m_LocalPosition: {x: 0.09539746, y: 0.00000020848894, z: 0.00000013786727}
  m_LocalScale: {x: 1, y: 1, z: 1}
  m_Children:
  - {fileID: 410798111233439775}
  m_Father: {fileID: 5041000454305337732}
  m_RootOrder: 0
  m_LocalEulerAnglesHint: {x: 0, y: 0, z: 0}
--- !u!1 &3541159607005357847
GameObject:
  m_ObjectHideFlags: 0
  m_CorrespondingSourceObject: {fileID: 0}
  m_PrefabInstance: {fileID: 0}
  m_PrefabAsset: {fileID: 0}
  serializedVersion: 6
  m_Component:
  - component: {fileID: 410798111233439775}
  m_Layer: 0
  m_Name: R_1_Finger_4
  m_TagString: Untagged
  m_Icon: {fileID: 0}
  m_NavMeshLayer: 0
  m_StaticEditorFlags: 0
  m_IsActive: 1
--- !u!4 &410798111233439775
Transform:
  m_ObjectHideFlags: 0
  m_CorrespondingSourceObject: {fileID: 0}
  m_PrefabInstance: {fileID: 0}
  m_PrefabAsset: {fileID: 0}
  m_GameObject: {fileID: 3541159607005357847}
  m_LocalRotation: {x: 5.4982603e-17, y: 4.3368087e-17, z: 1.474515e-17, w: 1}
  m_LocalPosition: {x: 0.052972883, y: 0.0000000034870469, z: -0.00000054133784}
  m_LocalScale: {x: 1, y: 1, z: 1}
  m_Children:
  - {fileID: 3964390197252172381}
  m_Father: {fileID: 604835209805728509}
  m_RootOrder: 0
  m_LocalEulerAnglesHint: {x: 0, y: 0, z: 0}
--- !u!1 &3645455210061398549
GameObject:
  m_ObjectHideFlags: 0
  m_CorrespondingSourceObject: {fileID: 0}
  m_PrefabInstance: {fileID: 0}
  m_PrefabAsset: {fileID: 0}
  serializedVersion: 6
  m_Component:
  - component: {fileID: 6458451098874238406}
  m_Layer: 0
  m_Name: R_Thumb_Jnt1
  m_TagString: Untagged
  m_Icon: {fileID: 0}
  m_NavMeshLayer: 0
  m_StaticEditorFlags: 0
  m_IsActive: 1
--- !u!4 &6458451098874238406
Transform:
  m_ObjectHideFlags: 0
  m_CorrespondingSourceObject: {fileID: 0}
  m_PrefabInstance: {fileID: 0}
  m_PrefabAsset: {fileID: 0}
  m_GameObject: {fileID: 3645455210061398549}
  m_LocalRotation: {x: -0.045644958, y: 0.08635048, z: 0.20221332, w: 0.97445875}
  m_LocalPosition: {x: 0.043837566, y: 0.018743267, z: -0.0090626525}
  m_LocalScale: {x: 1, y: 1, z: 1}
  m_Children: []
  m_Father: {fileID: 8452085541880046867}
  m_RootOrder: 0
  m_LocalEulerAnglesHint: {x: 0, y: 0, z: 0}
--- !u!1 &4286098951877831134
GameObject:
  m_ObjectHideFlags: 0
  m_CorrespondingSourceObject: {fileID: 0}
  m_PrefabInstance: {fileID: 0}
  m_PrefabAsset: {fileID: 0}
  serializedVersion: 6
  m_Component:
  - component: {fileID: 5906750851394209721}
  - component: {fileID: 2342872563884437186}
  m_Layer: 0
  m_Name: Skeleton_Lp
  m_TagString: Untagged
  m_Icon: {fileID: 0}
  m_NavMeshLayer: 0
  m_StaticEditorFlags: 0
  m_IsActive: 1
--- !u!4 &5906750851394209721
Transform:
  m_ObjectHideFlags: 0
  m_CorrespondingSourceObject: {fileID: 0}
  m_PrefabInstance: {fileID: 0}
  m_PrefabAsset: {fileID: 0}
  m_GameObject: {fileID: 4286098951877831134}
  m_LocalRotation: {x: 0, y: -0, z: -0, w: 1}
  m_LocalPosition: {x: -0, y: 0, z: 0}
  m_LocalScale: {x: 1, y: 1, z: 1}
  m_Children: []
  m_Father: {fileID: 4847731603244889013}
  m_RootOrder: 1
  m_LocalEulerAnglesHint: {x: 0, y: 0, z: 0}
--- !u!137 &2342872563884437186
SkinnedMeshRenderer:
  m_ObjectHideFlags: 0
  m_CorrespondingSourceObject: {fileID: 0}
  m_PrefabInstance: {fileID: 0}
  m_PrefabAsset: {fileID: 0}
  m_GameObject: {fileID: 4286098951877831134}
  m_Enabled: 1
  m_CastShadows: 1
  m_ReceiveShadows: 1
  m_DynamicOccludee: 1
  m_MotionVectors: 1
  m_LightProbeUsage: 1
  m_ReflectionProbeUsage: 1
  m_RayTracingMode: 3
  m_RayTraceProcedural: 0
  m_RenderingLayerMask: 1
  m_RendererPriority: 0
  m_Materials:
  - {fileID: 2100000, guid: f346eb9ba1a69b146934b0912ee3c7e3, type: 2}
  m_StaticBatchInfo:
    firstSubMesh: 0
    subMeshCount: 0
  m_StaticBatchRoot: {fileID: 0}
  m_ProbeAnchor: {fileID: 0}
  m_LightProbeVolumeOverride: {fileID: 0}
  m_ScaleInLightmap: 1
  m_ReceiveGI: 1
  m_PreserveUVs: 0
  m_IgnoreNormalsForChartDetection: 0
  m_ImportantGI: 0
  m_StitchLightmapSeams: 1
  m_SelectedEditorRenderState: 3
  m_MinimumChartSize: 4
  m_AutoUVMaxDistance: 0.5
  m_AutoUVMaxAngle: 89
  m_LightmapParameters: {fileID: 0}
  m_SortingLayerID: 0
  m_SortingLayer: 0
  m_SortingOrder: 0
  serializedVersion: 2
  m_Quality: 0
  m_UpdateWhenOffscreen: 0
  m_SkinnedMotionVectors: 1
  m_Mesh: {fileID: 6801315158451478194, guid: 586b9019144bbc74a8e6976dcf2eb6a7, type: 3}
  m_Bones:
  - {fileID: 4373784576424132218}
  - {fileID: 2921385953939606648}
  - {fileID: 677807438471752001}
  - {fileID: 4953427910993923159}
  - {fileID: 6347960549015631381}
  - {fileID: 2339501777925265844}
  - {fileID: 1474831622249458830}
  - {fileID: 8873268654971973068}
  - {fileID: 2212377294822179060}
  - {fileID: 8155893288003051725}
  - {fileID: 814354286238491430}
  - {fileID: 5041000454305337732}
  - {fileID: 604835209805728509}
  - {fileID: 410798111233439775}
  - {fileID: 3964390197252172381}
  - {fileID: 7776557215945470077}
  - {fileID: 6031568904513990272}
  - {fileID: 4085395503041960328}
  - {fileID: 8785288973067233860}
  - {fileID: 8452085541880046867}
  - {fileID: 6458451098874238406}
  - {fileID: 978040545511354291}
  - {fileID: 6133226850497148145}
  - {fileID: 2994281806820177200}
  - {fileID: 8783544804776539289}
  - {fileID: 8769335956415314212}
  - {fileID: 1776873754330045233}
  - {fileID: 5829204525804428227}
  - {fileID: 1750372774620278333}
  - {fileID: 7413006817215257445}
  - {fileID: 165669792436290111}
  - {fileID: 8573198523103855361}
  - {fileID: 4455848307532932185}
  - {fileID: 3876881883524879458}
  - {fileID: 1981954895028691990}
  - {fileID: 71788030275330358}
  - {fileID: 7560084654030797156}
  - {fileID: 8468006041899496799}
  - {fileID: 4538671296922897086}
  - {fileID: 4819156091506486957}
  - {fileID: 2430324930735090943}
  - {fileID: 1198806782609591591}
  - {fileID: 7713321382803269675}
  m_BlendShapeWeights: []
  m_RootBone: {fileID: 4373784576424132218}
  m_AABB:
    m_Center: {x: -0.13372605, y: -0.0001577735, z: -0.1540231}
    m_Extent: {x: 0.5060392, y: 0.68200386, z: 0.41245043}
  m_DirtyAABB: 0
--- !u!1 &4290976893579055229
GameObject:
  m_ObjectHideFlags: 0
  m_CorrespondingSourceObject: {fileID: 0}
  m_PrefabInstance: {fileID: 0}
  m_PrefabAsset: {fileID: 0}
  serializedVersion: 6
  m_Component:
  - component: {fileID: 4819156091506486957}
  m_Layer: 0
  m_Name: L_Knee_jnt
  m_TagString: Untagged
  m_Icon: {fileID: 0}
  m_NavMeshLayer: 0
  m_StaticEditorFlags: 0
  m_IsActive: 1
--- !u!4 &4819156091506486957
Transform:
  m_ObjectHideFlags: 0
  m_CorrespondingSourceObject: {fileID: 0}
  m_PrefabInstance: {fileID: 0}
  m_PrefabAsset: {fileID: 0}
  m_GameObject: {fileID: 4290976893579055229}
  m_LocalRotation: {x: 0, y: 0, z: 0.00793134, w: 0.9999686}
  m_LocalPosition: {x: -0.15031089, y: -2.1165414e-18, z: 2.2204459e-17}
  m_LocalScale: {x: 1, y: 1, z: 1}
  m_Children:
  - {fileID: 2430324930735090943}
  m_Father: {fileID: 4538671296922897086}
  m_RootOrder: 0
  m_LocalEulerAnglesHint: {x: 0, y: 0, z: 0}
--- !u!1 &4291944672565667391
GameObject:
  m_ObjectHideFlags: 0
  m_CorrespondingSourceObject: {fileID: 0}
  m_PrefabInstance: {fileID: 0}
  m_PrefabAsset: {fileID: 0}
  serializedVersion: 6
  m_Component:
  - component: {fileID: 8468006041899496799}
  m_Layer: 0
  m_Name: R_Toe_jnt1
  m_TagString: Untagged
  m_Icon: {fileID: 0}
  m_NavMeshLayer: 0
  m_StaticEditorFlags: 0
  m_IsActive: 1
--- !u!4 &8468006041899496799
Transform:
  m_ObjectHideFlags: 0
  m_CorrespondingSourceObject: {fileID: 0}
  m_PrefabInstance: {fileID: 0}
  m_PrefabAsset: {fileID: 0}
  m_GameObject: {fileID: 4291944672565667391}
  m_LocalRotation: {x: 0, y: -0, z: -0, w: 1}
  m_LocalPosition: {x: 0.036635797, y: 4.270033e-12, z: -1.7763568e-17}
  m_LocalScale: {x: 1, y: 1, z: 1}
  m_Children: []
  m_Father: {fileID: 7560084654030797156}
  m_RootOrder: 0
  m_LocalEulerAnglesHint: {x: 0, y: 0, z: 0}
--- !u!1 &4321025946574511124
GameObject:
  m_ObjectHideFlags: 0
  m_CorrespondingSourceObject: {fileID: 0}
  m_PrefabInstance: {fileID: 0}
  m_PrefabAsset: {fileID: 0}
  serializedVersion: 6
  m_Component:
  - component: {fileID: 1474831622249458830}
  m_Layer: 0
  m_Name: Head_jnt
  m_TagString: Untagged
  m_Icon: {fileID: 0}
  m_NavMeshLayer: 0
  m_StaticEditorFlags: 0
  m_IsActive: 1
--- !u!4 &1474831622249458830
Transform:
  m_ObjectHideFlags: 0
  m_CorrespondingSourceObject: {fileID: 0}
  m_PrefabInstance: {fileID: 0}
  m_PrefabAsset: {fileID: 0}
  m_GameObject: {fileID: 4321025946574511124}
  m_LocalRotation: {x: -1.2246469e-16, y: 1.3877788e-17, z: 1.2246469e-16, w: 1}
  m_LocalPosition: {x: -0.114471555, y: -2.5366077e-17, z: -1.2997755e-18}
  m_LocalScale: {x: 1, y: 1, z: 1}
  m_Children:
  - {fileID: 2212377294822179060}
  - {fileID: 8873268654971973068}
  m_Father: {fileID: 2339501777925265844}
  m_RootOrder: 0
  m_LocalEulerAnglesHint: {x: 0, y: 0, z: 0}
--- !u!1 &4438579706217754644
GameObject:
  m_ObjectHideFlags: 0
  m_CorrespondingSourceObject: {fileID: 0}
  m_PrefabInstance: {fileID: 0}
  m_PrefabAsset: {fileID: 0}
  serializedVersion: 6
  m_Component:
  - component: {fileID: 8452085541880046867}
  m_Layer: 0
  m_Name: R_Thumb_4
  m_TagString: Untagged
  m_Icon: {fileID: 0}
  m_NavMeshLayer: 0
  m_StaticEditorFlags: 0
  m_IsActive: 1
--- !u!4 &8452085541880046867
Transform:
  m_ObjectHideFlags: 0
  m_CorrespondingSourceObject: {fileID: 0}
  m_PrefabInstance: {fileID: 0}
  m_PrefabAsset: {fileID: 0}
  m_GameObject: {fileID: 4438579706217754644}
  m_LocalRotation: {x: -3.469447e-16, y: 5.551115e-17, z: 1.8041124e-16, w: 1}
  m_LocalPosition: {x: 0.056440312, y: -0.00000020183653, z: 0.00000013996461}
  m_LocalScale: {x: 1, y: 1, z: 1}
  m_Children:
  - {fileID: 6458451098874238406}
  m_Father: {fileID: 8785288973067233860}
  m_RootOrder: 0
  m_LocalEulerAnglesHint: {x: 0, y: 0, z: 0}
--- !u!1 &4504119878169276713
GameObject:
  m_ObjectHideFlags: 0
  m_CorrespondingSourceObject: {fileID: 0}
  m_PrefabInstance: {fileID: 0}
  m_PrefabAsset: {fileID: 0}
  serializedVersion: 6
  m_Component:
  - component: {fileID: 4953427910993923159}
  m_Layer: 0
  m_Name: Spine_jnt2
  m_TagString: Untagged
  m_Icon: {fileID: 0}
  m_NavMeshLayer: 0
  m_StaticEditorFlags: 0
  m_IsActive: 1
--- !u!4 &4953427910993923159
Transform:
  m_ObjectHideFlags: 0
  m_CorrespondingSourceObject: {fileID: 0}
  m_PrefabInstance: {fileID: 0}
  m_PrefabAsset: {fileID: 0}
  m_GameObject: {fileID: 4504119878169276713}
  m_LocalRotation: {x: -1.2773438e-16, y: -0.043998815, z: 1.1695778e-16, w: 0.9990316}
  m_LocalPosition: {x: -0.03813851, y: 1.7009381e-17, z: -8.7920584e-17}
  m_LocalScale: {x: 1, y: 1, z: 1}
  m_Children:
  - {fileID: 6347960549015631381}
  m_Father: {fileID: 677807438471752001}
  m_RootOrder: 0
  m_LocalEulerAnglesHint: {x: 0, y: 0, z: 0}
--- !u!1 &4785962409552368535
GameObject:
  m_ObjectHideFlags: 0
  m_CorrespondingSourceObject: {fileID: 0}
  m_PrefabInstance: {fileID: 0}
  m_PrefabAsset: {fileID: 0}
  serializedVersion: 6
  m_Component:
  - component: {fileID: 8785288973067233860}
  m_Layer: 0
  m_Name: R_Thumb_3
  m_TagString: Untagged
  m_Icon: {fileID: 0}
  m_NavMeshLayer: 0
  m_StaticEditorFlags: 0
  m_IsActive: 1
--- !u!4 &8785288973067233860
Transform:
  m_ObjectHideFlags: 0
  m_CorrespondingSourceObject: {fileID: 0}
  m_PrefabInstance: {fileID: 0}
  m_PrefabAsset: {fileID: 0}
  m_GameObject: {fileID: 4785962409552368535}
  m_LocalRotation: {x: -0.06375818, y: 0.12077903, z: -0.20181927, w: 0.96985376}
  m_LocalPosition: {x: 0.049730096, y: -0.031809207, z: -0.0072039715}
  m_LocalScale: {x: 1, y: 1, z: 1}
  m_Children:
  - {fileID: 8452085541880046867}
  m_Father: {fileID: 5041000454305337732}
  m_RootOrder: 2
  m_LocalEulerAnglesHint: {x: 0, y: 0, z: 0}
--- !u!1 &4798452041314478144
GameObject:
  m_ObjectHideFlags: 0
  m_CorrespondingSourceObject: {fileID: 0}
  m_PrefabInstance: {fileID: 0}
  m_PrefabAsset: {fileID: 0}
  serializedVersion: 6
  m_Component:
  - component: {fileID: 7713321382803269675}
  m_Layer: 0
  m_Name: L_Toe_jnt
  m_TagString: Untagged
  m_Icon: {fileID: 0}
  m_NavMeshLayer: 0
  m_StaticEditorFlags: 0
  m_IsActive: 1
--- !u!4 &7713321382803269675
Transform:
  m_ObjectHideFlags: 0
  m_CorrespondingSourceObject: {fileID: 0}
  m_PrefabInstance: {fileID: 0}
  m_PrefabAsset: {fileID: 0}
  m_GameObject: {fileID: 4798452041314478144}
  m_LocalRotation: {x: 0, y: -0, z: -0, w: 1}
  m_LocalPosition: {x: -0.03663576, y: -1.5188897e-17, z: 2.1149189e-13}
  m_LocalScale: {x: 1, y: 1, z: 1}
  m_Children: []
  m_Father: {fileID: 1198806782609591591}
  m_RootOrder: 0
  m_LocalEulerAnglesHint: {x: 0, y: 0, z: 0}
--- !u!1 &5177474505356205209
GameObject:
  m_ObjectHideFlags: 0
  m_CorrespondingSourceObject: {fileID: 0}
  m_PrefabInstance: {fileID: 0}
  m_PrefabAsset: {fileID: 0}
  serializedVersion: 6
  m_Component:
  - component: {fileID: 7413006817215257445}
  m_Layer: 0
  m_Name: L_2_Finger_Jnt3
  m_TagString: Untagged
  m_Icon: {fileID: 0}
  m_NavMeshLayer: 0
  m_StaticEditorFlags: 0
  m_IsActive: 1
--- !u!4 &7413006817215257445
Transform:
  m_ObjectHideFlags: 0
  m_CorrespondingSourceObject: {fileID: 0}
  m_PrefabInstance: {fileID: 0}
  m_PrefabAsset: {fileID: 0}
  m_GameObject: {fileID: 5177474505356205209}
  m_LocalRotation: {x: 0, y: -0, z: -0, w: 1}
  m_LocalPosition: {x: -0.04358844, y: 0, z: -2.842171e-16}
  m_LocalScale: {x: 1, y: 1, z: 1}
  m_Children: []
  m_Father: {fileID: 1750372774620278333}
  m_RootOrder: 0
  m_LocalEulerAnglesHint: {x: 0, y: 0, z: 0}
--- !u!1 &5191887970368022799
GameObject:
  m_ObjectHideFlags: 0
  m_CorrespondingSourceObject: {fileID: 0}
  m_PrefabInstance: {fileID: 0}
  m_PrefabAsset: {fileID: 0}
  serializedVersion: 6
  m_Component:
  - component: {fileID: 4847731603244889013}
  m_Layer: 0
  m_Name: Queen_Skeleton
  m_TagString: Untagged
  m_Icon: {fileID: 0}
  m_NavMeshLayer: 0
  m_StaticEditorFlags: 0
  m_IsActive: 1
--- !u!4 &4847731603244889013
Transform:
  m_ObjectHideFlags: 0
  m_CorrespondingSourceObject: {fileID: 0}
  m_PrefabInstance: {fileID: 0}
  m_PrefabAsset: {fileID: 0}
  m_GameObject: {fileID: 5191887970368022799}
  m_LocalRotation: {x: 0, y: -0, z: -0, w: 1}
  m_LocalPosition: {x: -8.626858, y: 0, z: 10.681762}
  m_LocalScale: {x: 1, y: 1, z: 1}
  m_Children:
  - {fileID: 4373784576424132218}
  - {fileID: 5906750851394209721}
  m_Father: {fileID: 0}
  m_RootOrder: 0
  m_LocalEulerAnglesHint: {x: 0, y: 0, z: 0}
--- !u!1 &5424258597155725973
GameObject:
  m_ObjectHideFlags: 0
  m_CorrespondingSourceObject: {fileID: 0}
  m_PrefabInstance: {fileID: 0}
  m_PrefabAsset: {fileID: 0}
  serializedVersion: 6
  m_Component:
  - component: {fileID: 2212377294822179060}
  m_Layer: 0
  m_Name: Head_Jaws_jnt
  m_TagString: Untagged
  m_Icon: {fileID: 0}
  m_NavMeshLayer: 0
  m_StaticEditorFlags: 0
  m_IsActive: 1
--- !u!4 &2212377294822179060
Transform:
  m_ObjectHideFlags: 0
  m_CorrespondingSourceObject: {fileID: 0}
  m_PrefabInstance: {fileID: 0}
  m_PrefabAsset: {fileID: 0}
  m_GameObject: {fileID: 5424258597155725973}
  m_LocalRotation: {x: 0, y: -2.7755576e-17, z: 1.6653345e-16, w: 1}
  m_LocalPosition: {x: 0.039597332, y: 8.805243e-17, z: -0.1544552}
  m_LocalScale: {x: 1, y: 1, z: 1}
  m_Children: []
  m_Father: {fileID: 1474831622249458830}
  m_RootOrder: 0
  m_LocalEulerAnglesHint: {x: 0, y: 0, z: 0}
--- !u!1 &5608179952574507039
GameObject:
  m_ObjectHideFlags: 0
  m_CorrespondingSourceObject: {fileID: 0}
  m_PrefabInstance: {fileID: 0}
  m_PrefabAsset: {fileID: 0}
  serializedVersion: 6
  m_Component:
  - component: {fileID: 71788030275330358}
  m_Layer: 0
  m_Name: R_Ankle_jnt1
  m_TagString: Untagged
  m_Icon: {fileID: 0}
  m_NavMeshLayer: 0
  m_StaticEditorFlags: 0
  m_IsActive: 1
--- !u!4 &71788030275330358
Transform:
  m_ObjectHideFlags: 0
  m_CorrespondingSourceObject: {fileID: 0}
  m_PrefabInstance: {fileID: 0}
  m_PrefabAsset: {fileID: 0}
  m_GameObject: {fileID: 5608179952574507039}
  m_LocalRotation: {x: -0.000001981769, y: -0.0000012164338, z: -0.52865565, w: 0.84883636}
  m_LocalPosition: {x: 0.15748242, y: 0.00000005019989, z: -1.7763568e-17}
  m_LocalScale: {x: 1, y: 1, z: 1}
  m_Children:
  - {fileID: 7560084654030797156}
  m_Father: {fileID: 1981954895028691990}
  m_RootOrder: 0
  m_LocalEulerAnglesHint: {x: 0, y: 0, z: 0}
--- !u!1 &5622206528077336230
GameObject:
  m_ObjectHideFlags: 0
  m_CorrespondingSourceObject: {fileID: 0}
  m_PrefabInstance: {fileID: 0}
  m_PrefabAsset: {fileID: 0}
  serializedVersion: 6
  m_Component:
  - component: {fileID: 814354286238491430}
  m_Layer: 0
  m_Name: R_Elbow_jnt1
  m_TagString: Untagged
  m_Icon: {fileID: 0}
  m_NavMeshLayer: 0
  m_StaticEditorFlags: 0
  m_IsActive: 1
--- !u!4 &814354286238491430
Transform:
  m_ObjectHideFlags: 0
  m_CorrespondingSourceObject: {fileID: 0}
  m_PrefabInstance: {fileID: 0}
  m_PrefabAsset: {fileID: 0}
  m_GameObject: {fileID: 5622206528077336230}
  m_LocalRotation: {x: 0.000000007450523, y: -0.003928014, z: -0.000000031598315, w: 0.9999923}
  m_LocalPosition: {x: 0.15076265, y: -0.000000009536737, z: 0.00000038645044}
  m_LocalScale: {x: 1, y: 1, z: 1}
  m_Children:
  - {fileID: 5041000454305337732}
  m_Father: {fileID: 8155893288003051725}
  m_RootOrder: 0
  m_LocalEulerAnglesHint: {x: 0, y: 0, z: 0}
--- !u!1 &5815493599990040173
GameObject:
  m_ObjectHideFlags: 0
  m_CorrespondingSourceObject: {fileID: 0}
  m_PrefabInstance: {fileID: 0}
  m_PrefabAsset: {fileID: 0}
  serializedVersion: 6
  m_Component:
  - component: {fileID: 4538671296922897086}
  m_Layer: 0
  m_Name: L_Thigh_jnt
  m_TagString: Untagged
  m_Icon: {fileID: 0}
  m_NavMeshLayer: 0
  m_StaticEditorFlags: 0
  m_IsActive: 1
--- !u!4 &4538671296922897086
Transform:
  m_ObjectHideFlags: 0
  m_CorrespondingSourceObject: {fileID: 0}
  m_PrefabInstance: {fileID: 0}
  m_PrefabAsset: {fileID: 0}
  m_GameObject: {fileID: 5815493599990040173}
  m_LocalRotation: {x: 0.22325839, y: 0.67093647, z: -0.67093647, w: 0.22325839}
  m_LocalPosition: {x: 0.00006200867, y: 0.103412546, z: 0.000047195907}
  m_LocalScale: {x: 1, y: 1, z: 1}
  m_Children:
  - {fileID: 4819156091506486957}
  m_Father: {fileID: 4373784576424132218}
  m_RootOrder: 0
  m_LocalEulerAnglesHint: {x: 0, y: 0, z: 0}
--- !u!1 &5935315430394041581
GameObject:
  m_ObjectHideFlags: 0
  m_CorrespondingSourceObject: {fileID: 0}
  m_PrefabInstance: {fileID: 0}
  m_PrefabAsset: {fileID: 0}
  serializedVersion: 6
  m_Component:
  - component: {fileID: 677807438471752001}
  m_Layer: 0
  m_Name: Spine_jnt1
  m_TagString: Untagged
  m_Icon: {fileID: 0}
  m_NavMeshLayer: 0
  m_StaticEditorFlags: 0
  m_IsActive: 1
--- !u!4 &677807438471752001
Transform:
  m_ObjectHideFlags: 0
  m_CorrespondingSourceObject: {fileID: 0}
  m_PrefabInstance: {fileID: 0}
  m_PrefabAsset: {fileID: 0}
  m_GameObject: {fileID: 5935315430394041581}
  m_LocalRotation: {x: 1.188818e-16, y: -0.028840456, z: -9.714195e-17, w: 0.999584}
  m_LocalPosition: {x: -0.04206237, y: 2.008971e-17, z: -1.8318679e-17}
  m_LocalScale: {x: 1, y: 1, z: 1}
  m_Children:
  - {fileID: 4953427910993923159}
  m_Father: {fileID: 2921385953939606648}
  m_RootOrder: 0
  m_LocalEulerAnglesHint: {x: 0, y: 0, z: 0}
--- !u!1 &6191545573767741473
GameObject:
  m_ObjectHideFlags: 0
  m_CorrespondingSourceObject: {fileID: 0}
  m_PrefabInstance: {fileID: 0}
  m_PrefabAsset: {fileID: 0}
  serializedVersion: 6
  m_Component:
  - component: {fileID: 6133226850497148145}
  m_Layer: 0
  m_Name: L_Elbow_jnt
  m_TagString: Untagged
  m_Icon: {fileID: 0}
  m_NavMeshLayer: 0
  m_StaticEditorFlags: 0
  m_IsActive: 1
--- !u!4 &6133226850497148145
Transform:
  m_ObjectHideFlags: 0
  m_CorrespondingSourceObject: {fileID: 0}
  m_PrefabInstance: {fileID: 0}
  m_PrefabAsset: {fileID: 0}
  m_GameObject: {fileID: 6191545573767741473}
  m_LocalRotation: {x: -1.2423645e-10, y: -0.003928014, z: -0.00000003162807, w: 0.9999923}
  m_LocalPosition: {x: -0.15076275, y: -7.565263e-16, z: -1.3881878e-19}
  m_LocalScale: {x: 1, y: 1, z: 1}
  m_Children:
  - {fileID: 2994281806820177200}
  m_Father: {fileID: 978040545511354291}
  m_RootOrder: 0
  m_LocalEulerAnglesHint: {x: 0, y: 0, z: 0}
--- !u!1 &6286252314359094439
GameObject:
  m_ObjectHideFlags: 0
  m_CorrespondingSourceObject: {fileID: 0}
  m_PrefabInstance: {fileID: 0}
  m_PrefabAsset: {fileID: 0}
  serializedVersion: 6
  m_Component:
  - component: {fileID: 2339501777925265844}
  m_Layer: 0
  m_Name: Spine_jnt4
  m_TagString: Untagged
  m_Icon: {fileID: 0}
  m_NavMeshLayer: 0
  m_StaticEditorFlags: 0
  m_IsActive: 1
--- !u!4 &2339501777925265844
Transform:
  m_ObjectHideFlags: 0
  m_CorrespondingSourceObject: {fileID: 0}
  m_PrefabInstance: {fileID: 0}
  m_PrefabAsset: {fileID: 0}
  m_GameObject: {fileID: 6286252314359094439}
  m_LocalRotation: {x: -1.2869206e-16, y: -0.052214496, z: 1.159032e-16, w: 0.9986359}
  m_LocalPosition: {x: -0.12552093, y: -6.18866e-33, z: -6.2797306e-18}
  m_LocalScale: {x: 1, y: 1, z: 1}
  m_Children:
  - {fileID: 1474831622249458830}
  - {fileID: 978040545511354291}
  - {fileID: 8155893288003051725}
  m_Father: {fileID: 6347960549015631381}
  m_RootOrder: 0
  m_LocalEulerAnglesHint: {x: 0, y: 0, z: 0}
--- !u!1 &7200116304511498230
GameObject:
  m_ObjectHideFlags: 0
  m_CorrespondingSourceObject: {fileID: 0}
  m_PrefabInstance: {fileID: 0}
  m_PrefabAsset: {fileID: 0}
  serializedVersion: 6
  m_Component:
  - component: {fileID: 5041000454305337732}
  m_Layer: 0
  m_Name: R_Wrist_jnt1
  m_TagString: Untagged
  m_Icon: {fileID: 0}
  m_NavMeshLayer: 0
  m_StaticEditorFlags: 0
  m_IsActive: 1
--- !u!4 &5041000454305337732
Transform:
  m_ObjectHideFlags: 0
  m_CorrespondingSourceObject: {fileID: 0}
  m_PrefabInstance: {fileID: 0}
  m_PrefabAsset: {fileID: 0}
  m_GameObject: {fileID: 7200116304511498230}
  m_LocalRotation: {x: 0.015308272, y: -0.108415194, z: -0.13897295, w: 0.98422474}
  m_LocalPosition: {x: 0.16138598, y: 0, z: 7.105427e-16}
  m_LocalScale: {x: 1, y: 1, z: 1}
  m_Children:
  - {fileID: 604835209805728509}
  - {fileID: 7776557215945470077}
  - {fileID: 8785288973067233860}
  m_Father: {fileID: 814354286238491430}
  m_RootOrder: 0
  m_LocalEulerAnglesHint: {x: 0, y: 0, z: 0}
--- !u!1 &7487865232212217019
GameObject:
  m_ObjectHideFlags: 0
  m_CorrespondingSourceObject: {fileID: 0}
  m_PrefabInstance: {fileID: 0}
  m_PrefabAsset: {fileID: 0}
  serializedVersion: 6
  m_Component:
  - component: {fileID: 8155893288003051725}
  m_Layer: 0
  m_Name: R_Shoulder_jnt1
  m_TagString: Untagged
  m_Icon: {fileID: 0}
  m_NavMeshLayer: 0
  m_StaticEditorFlags: 0
  m_IsActive: 1
--- !u!4 &8155893288003051725
Transform:
  m_ObjectHideFlags: 0
  m_CorrespondingSourceObject: {fileID: 0}
  m_PrefabInstance: {fileID: 0}
  m_PrefabAsset: {fileID: 0}
  m_GameObject: {fileID: 7487865232212217019}
  m_LocalRotation: {x: 0.4320311, y: -0.4276202, z: -0.55977595, w: 0.56315273}
  m_LocalPosition: {x: 0.009945931, y: -0.175485, z: -0.03023684}
  m_LocalScale: {x: 1, y: 1, z: 1}
  m_Children:
  - {fileID: 814354286238491430}
  m_Father: {fileID: 2339501777925265844}
  m_RootOrder: 2
  m_LocalEulerAnglesHint: {x: 0, y: 0, z: 0}
--- !u!1 &7657465623124118656
GameObject:
  m_ObjectHideFlags: 0
  m_CorrespondingSourceObject: {fileID: 0}
  m_PrefabInstance: {fileID: 0}
  m_PrefabAsset: {fileID: 0}
  serializedVersion: 6
  m_Component:
  - component: {fileID: 4373784576424132218}
  m_Layer: 0
  m_Name: Pelvis_jnt
  m_TagString: Untagged
  m_Icon: {fileID: 0}
  m_NavMeshLayer: 0
  m_StaticEditorFlags: 0
  m_IsActive: 1
--- !u!4 &4373784576424132218
Transform:
  m_ObjectHideFlags: 0
  m_CorrespondingSourceObject: {fileID: 0}
  m_PrefabInstance: {fileID: 0}
  m_PrefabAsset: {fileID: 0}
  m_GameObject: {fileID: 7657465623124118656}
  m_LocalRotation: {x: -0.67002493, y: 0.67002493, z: -0.22597925, w: -0.22597925}
  m_LocalPosition: {x: -0, y: 0.36567524, z: -0.037615046}
  m_LocalScale: {x: 1, y: 1, z: 1}
  m_Children:
  - {fileID: 4538671296922897086}
  - {fileID: 3876881883524879458}
  - {fileID: 2921385953939606648}
  m_Father: {fileID: 4847731603244889013}
  m_RootOrder: 0
  m_LocalEulerAnglesHint: {x: 0, y: 0, z: 0}
--- !u!1 &8049628436396000956
GameObject:
  m_ObjectHideFlags: 0
  m_CorrespondingSourceObject: {fileID: 0}
  m_PrefabInstance: {fileID: 0}
  m_PrefabAsset: {fileID: 0}
  serializedVersion: 6
  m_Component:
  - component: {fileID: 5829204525804428227}
  m_Layer: 0
  m_Name: L_2_Finger_1
  m_TagString: Untagged
  m_Icon: {fileID: 0}
  m_NavMeshLayer: 0
  m_StaticEditorFlags: 0
  m_IsActive: 1
--- !u!4 &5829204525804428227
Transform:
  m_ObjectHideFlags: 0
  m_CorrespondingSourceObject: {fileID: 0}
  m_PrefabInstance: {fileID: 0}
  m_PrefabAsset: {fileID: 0}
  m_GameObject: {fileID: 8049628436396000956}
  m_LocalRotation: {x: -0.016477702, y: 0.10672869, z: 0.12627995, w: 0.9860988}
  m_LocalPosition: {x: -0.08176919, y: -0.04729477, z: -5.912902e-16}
  m_LocalScale: {x: 1, y: 1, z: 1}
  m_Children:
  - {fileID: 1750372774620278333}
  m_Father: {fileID: 2994281806820177200}
  m_RootOrder: 1
  m_LocalEulerAnglesHint: {x: 0, y: 0, z: 0}
--- !u!1 &8204030353385378928
GameObject:
  m_ObjectHideFlags: 0
  m_CorrespondingSourceObject: {fileID: 0}
  m_PrefabInstance: {fileID: 0}
  m_PrefabAsset: {fileID: 0}
  serializedVersion: 6
  m_Component:
  - component: {fileID: 8573198523103855361}
  m_Layer: 0
  m_Name: L_Thumb_2
  m_TagString: Untagged
  m_Icon: {fileID: 0}
  m_NavMeshLayer: 0
  m_StaticEditorFlags: 0
  m_IsActive: 1
--- !u!4 &8573198523103855361
Transform:
  m_ObjectHideFlags: 0
  m_CorrespondingSourceObject: {fileID: 0}
  m_PrefabInstance: {fileID: 0}
  m_PrefabAsset: {fileID: 0}
  m_GameObject: {fileID: 8204030353385378928}
  m_LocalRotation: {x: -0.045644958, y: 0.08635048, z: 0.20221332, w: 0.97445875}
  m_LocalPosition: {x: -0.05644054, y: 3.3918058e-17, z: 2.6156388e-16}
  m_LocalScale: {x: 1, y: 1, z: 1}
  m_Children:
  - {fileID: 4455848307532932185}
  m_Father: {fileID: 165669792436290111}
  m_RootOrder: 0
  m_LocalEulerAnglesHint: {x: 0, y: 0, z: 0}
--- !u!1 &8301729627069456252
GameObject:
  m_ObjectHideFlags: 0
  m_CorrespondingSourceObject: {fileID: 0}
  m_PrefabInstance: {fileID: 0}
  m_PrefabAsset: {fileID: 0}
  serializedVersion: 6
  m_Component:
  - component: {fileID: 978040545511354291}
  m_Layer: 0
  m_Name: L_Shoulder_jnt
  m_TagString: Untagged
  m_Icon: {fileID: 0}
  m_NavMeshLayer: 0
  m_StaticEditorFlags: 0
  m_IsActive: 1
--- !u!4 &978040545511354291
Transform:
  m_ObjectHideFlags: 0
  m_CorrespondingSourceObject: {fileID: 0}
  m_PrefabInstance: {fileID: 0}
  m_PrefabAsset: {fileID: 0}
  m_GameObject: {fileID: 8301729627069456252}
  m_LocalRotation: {x: -0.55977595, y: 0.56315273, z: -0.4320311, w: 0.4276202}
  m_LocalPosition: {x: 0.009945548, y: 0.17548503, z: -0.030236697}
  m_LocalScale: {x: 1, y: 1, z: 1}
  m_Children:
  - {fileID: 6133226850497148145}
  m_Father: {fileID: 2339501777925265844}
  m_RootOrder: 1
  m_LocalEulerAnglesHint: {x: 0, y: 0, z: 0}
--- !u!1 &8530690500776170159
GameObject:
  m_ObjectHideFlags: 0
  m_CorrespondingSourceObject: {fileID: 0}
  m_PrefabInstance: {fileID: 0}
  m_PrefabAsset: {fileID: 0}
  serializedVersion: 6
  m_Component:
  - component: {fileID: 1981954895028691990}
  m_Layer: 0
  m_Name: R_Knee_jnt1
  m_TagString: Untagged
  m_Icon: {fileID: 0}
  m_NavMeshLayer: 0
  m_StaticEditorFlags: 0
  m_IsActive: 1
--- !u!4 &1981954895028691990
Transform:
  m_ObjectHideFlags: 0
  m_CorrespondingSourceObject: {fileID: 0}
  m_PrefabInstance: {fileID: 0}
  m_PrefabAsset: {fileID: 0}
  m_GameObject: {fileID: 8530690500776170159}
  m_LocalRotation: {x: 4.0156906e-32, y: 8.805556e-19, z: 0.00793134, w: 0.9999686}
  m_LocalPosition: {x: 0.15031095, y: 0.000000038525453, z: -5.3290704e-17}
  m_LocalScale: {x: 1, y: 1, z: 1}
  m_Children:
  - {fileID: 71788030275330358}
  m_Father: {fileID: 3876881883524879458}
  m_RootOrder: 0
  m_LocalEulerAnglesHint: {x: 0, y: 0, z: 0}
--- !u!1 &8535692778600709336
GameObject:
  m_ObjectHideFlags: 0
  m_CorrespondingSourceObject: {fileID: 0}
  m_PrefabInstance: {fileID: 0}
  m_PrefabAsset: {fileID: 0}
  serializedVersion: 6
  m_Component:
  - component: {fileID: 3876881883524879458}
  m_Layer: 0
  m_Name: R_Thigh_jnt1
  m_TagString: Untagged
  m_Icon: {fileID: 0}
  m_NavMeshLayer: 0
  m_StaticEditorFlags: 0
  m_IsActive: 1
--- !u!4 &3876881883524879458
Transform:
  m_ObjectHideFlags: 0
  m_CorrespondingSourceObject: {fileID: 0}
  m_PrefabInstance: {fileID: 0}
  m_PrefabAsset: {fileID: 0}
  m_GameObject: {fileID: 8535692778600709336}
  m_LocalRotation: {x: 0.670938, y: -0.22325785, z: 0.22325891, w: 0.67093486}
  m_LocalPosition: {x: 0.00006227978, y: -0.103413, z: 0.00004734381}
  m_LocalScale: {x: 1, y: 1, z: 1}
  m_Children:
  - {fileID: 1981954895028691990}
  m_Father: {fileID: 4373784576424132218}
  m_RootOrder: 1
  m_LocalEulerAnglesHint: {x: 0, y: 0, z: 0}
--- !u!1 &8726650355006994820
GameObject:
  m_ObjectHideFlags: 0
  m_CorrespondingSourceObject: {fileID: 0}
  m_PrefabInstance: {fileID: 0}
  m_PrefabAsset: {fileID: 0}
  serializedVersion: 6
  m_Component:
  - component: {fileID: 3964390197252172381}
  m_Layer: 0
  m_Name: R_1_Finger_Jnt4
  m_TagString: Untagged
  m_Icon: {fileID: 0}
  m_NavMeshLayer: 0
  m_StaticEditorFlags: 0
  m_IsActive: 1
--- !u!4 &3964390197252172381
Transform:
  m_ObjectHideFlags: 0
  m_CorrespondingSourceObject: {fileID: 0}
  m_PrefabInstance: {fileID: 0}
  m_PrefabAsset: {fileID: 0}
  m_GameObject: {fileID: 8726650355006994820}
  m_LocalRotation: {x: -0.000033268767, y: 0.0015058697, z: 0.0037232165, w: 0.99999195}
  m_LocalPosition: {x: 0.046867393, y: 0.00034894008, z: -0.00014118086}
  m_LocalScale: {x: 1, y: 1, z: 1}
  m_Children: []
  m_Father: {fileID: 410798111233439775}
  m_RootOrder: 0
  m_LocalEulerAnglesHint: {x: 0, y: 0, z: 0}
--- !u!1 &8793296323963672950
GameObject:
  m_ObjectHideFlags: 0
  m_CorrespondingSourceObject: {fileID: 0}
  m_PrefabInstance: {fileID: 0}
  m_PrefabAsset: {fileID: 0}
  serializedVersion: 6
  m_Component:
  - component: {fileID: 8783544804776539289}
  m_Layer: 0
  m_Name: L_1_Finger_1
  m_TagString: Untagged
  m_Icon: {fileID: 0}
  m_NavMeshLayer: 0
  m_StaticEditorFlags: 0
  m_IsActive: 1
--- !u!4 &8783544804776539289
Transform:
  m_ObjectHideFlags: 0
  m_CorrespondingSourceObject: {fileID: 0}
  m_PrefabInstance: {fileID: 0}
  m_PrefabAsset: {fileID: 0}
  m_GameObject: {fileID: 8793296323963672950}
  m_LocalRotation: {x: -0.016477702, y: 0.10672869, z: 0.12627995, w: 0.9860988}
  m_LocalPosition: {x: -0.09539697, y: 7.005004e-18, z: -2.0237645e-16}
  m_LocalScale: {x: 1, y: 1, z: 1}
  m_Children:
  - {fileID: 8769335956415314212}
  m_Father: {fileID: 2994281806820177200}
  m_RootOrder: 0
  m_LocalEulerAnglesHint: {x: 0, y: 0, z: 0}
--- !u!1 &9044026793885501926
GameObject:
  m_ObjectHideFlags: 0
  m_CorrespondingSourceObject: {fileID: 0}
  m_PrefabInstance: {fileID: 0}
  m_PrefabAsset: {fileID: 0}
  serializedVersion: 6
  m_Component:
  - component: {fileID: 8769335956415314212}
  m_Layer: 0
  m_Name: L_1_Finger_2
  m_TagString: Untagged
  m_Icon: {fileID: 0}
  m_NavMeshLayer: 0
  m_StaticEditorFlags: 0
  m_IsActive: 1
--- !u!4 &8769335956415314212
Transform:
  m_ObjectHideFlags: 0
  m_CorrespondingSourceObject: {fileID: 0}
  m_PrefabInstance: {fileID: 0}
  m_PrefabAsset: {fileID: 0}
  m_GameObject: {fileID: 9044026793885501926}
  m_LocalRotation: {x: -0.000033268767, y: 0.0015058697, z: 0.0037232165, w: 0.99999195}
  m_LocalPosition: {x: -0.052972555, y: 3.373048e-17, z: -1.791374e-16}
  m_LocalScale: {x: 1, y: 1, z: 1}
  m_Children:
  - {fileID: 1776873754330045233}
  m_Father: {fileID: 8783544804776539289}
  m_RootOrder: 0
  m_LocalEulerAnglesHint: {x: 0, y: 0, z: 0}
