%YAML 1.1
%TAG !u! tag:unity3d.com,2011:
--- !u!1 &3878873039328764747
GameObject:
  m_ObjectHideFlags: 0
  m_CorrespondingSourceObject: {fileID: 0}
  m_PrefabInstance: {fileID: 0}
  m_PrefabAsset: {fileID: 0}
  serializedVersion: 6
  m_Component:
  - component: {fileID: 3878873039328764746}
  m_Layer: 0
  m_Name: SpawnGroup
  m_TagString: Untagged
  m_Icon: {fileID: 0}
  m_NavMeshLayer: 0
  m_StaticEditorFlags: 0
  m_IsActive: 1
--- !u!4 &3878873039328764746
Transform:
  m_ObjectHideFlags: 0
  m_CorrespondingSourceObject: {fileID: 0}
  m_PrefabInstance: {fileID: 0}
  m_PrefabAsset: {fileID: 0}
  m_GameObject: {fileID: 3878873039328764747}
  m_LocalRotation: {x: 0, y: 0, z: 0, w: 1}
  m_LocalPosition: {x: 191.72, y: 1.11, z: 3.7}
  m_LocalScale: {x: 1, y: 1, z: 1}
  m_Children:
  - {fileID: 7902901168902185550}
  - {fileID: 7902901167775593208}
  - {fileID: 7902901167921895904}
  - {fileID: 7902901169297042243}
  - {fileID: 7902901167946013612}
  - {fileID: 7902901168992278808}
  - {fileID: 7902901167698423589}
  - {fileID: 7902901168957664251}
  m_Father: {fileID: 0}
  m_RootOrder: 0
  m_LocalEulerAnglesHint: {x: 0, y: 0, z: 0}
--- !u!1001 &3878873037673852984
PrefabInstance:
  m_ObjectHideFlags: 0
  serializedVersion: 2
  m_Modification:
    m_TransformParent: {fileID: 3878873039328764746}
    m_Modifications:
    - target: {fileID: 6374907703749139392, guid: d85ffb197e239074d8ac123b4b6fa699, type: 3}
      propertyPath: m_Name
      value: spawn (7)
      objectReference: {fileID: 0}
    - target: {fileID: 6374907703749139395, guid: d85ffb197e239074d8ac123b4b6fa699, type: 3}
      propertyPath: m_RootOrder
      value: 7
      objectReference: {fileID: 0}
    - target: {fileID: 6374907703749139395, guid: d85ffb197e239074d8ac123b4b6fa699, type: 3}
      propertyPath: m_LocalPosition.x
      value: 2.91
      objectReference: {fileID: 0}
    - target: {fileID: 6374907703749139395, guid: d85ffb197e239074d8ac123b4b6fa699, type: 3}
      propertyPath: m_LocalPosition.y
      value: 0
      objectReference: {fileID: 0}
    - target: {fileID: 6374907703749139395, guid: d85ffb197e239074d8ac123b4b6fa699, type: 3}
      propertyPath: m_LocalPosition.z
      value: 1.41
      objectReference: {fileID: 0}
    - target: {fileID: 6374907703749139395, guid: d85ffb197e239074d8ac123b4b6fa699, type: 3}
      propertyPath: m_LocalRotation.w
      value: 1
      objectReference: {fileID: 0}
    - target: {fileID: 6374907703749139395, guid: d85ffb197e239074d8ac123b4b6fa699, type: 3}
      propertyPath: m_LocalRotation.x
      value: 0
      objectReference: {fileID: 0}
    - target: {fileID: 6374907703749139395, guid: d85ffb197e239074d8ac123b4b6fa699, type: 3}
      propertyPath: m_LocalRotation.y
      value: 0
      objectReference: {fileID: 0}
    - target: {fileID: 6374907703749139395, guid: d85ffb197e239074d8ac123b4b6fa699, type: 3}
      propertyPath: m_LocalRotation.z
      value: 0
      objectReference: {fileID: 0}
    - target: {fileID: 6374907703749139395, guid: d85ffb197e239074d8ac123b4b6fa699, type: 3}
      propertyPath: m_LocalEulerAnglesHint.x
      value: 0
      objectReference: {fileID: 0}
    - target: {fileID: 6374907703749139395, guid: d85ffb197e239074d8ac123b4b6fa699, type: 3}
      propertyPath: m_LocalEulerAnglesHint.y
      value: 0
      objectReference: {fileID: 0}
    - target: {fileID: 6374907703749139395, guid: d85ffb197e239074d8ac123b4b6fa699, type: 3}
      propertyPath: m_LocalEulerAnglesHint.z
      value: 0
      objectReference: {fileID: 0}
    m_RemovedComponents: []
  m_SourcePrefab: {fileID: 100100000, guid: d85ffb197e239074d8ac123b4b6fa699, type: 3}
--- !u!4 &7902901168957664251 stripped
Transform:
  m_CorrespondingSourceObject: {fileID: 6374907703749139395, guid: d85ffb197e239074d8ac123b4b6fa699, type: 3}
  m_PrefabInstance: {fileID: 3878873037673852984}
  m_PrefabAsset: {fileID: 0}
--- !u!1001 &3878873037729266061
PrefabInstance:
  m_ObjectHideFlags: 0
  serializedVersion: 2
  m_Modification:
    m_TransformParent: {fileID: 3878873039328764746}
    m_Modifications:
    - target: {fileID: 6374907703749139392, guid: d85ffb197e239074d8ac123b4b6fa699, type: 3}
      propertyPath: m_Name
      value: spawn
      objectReference: {fileID: 0}
    - target: {fileID: 6374907703749139395, guid: d85ffb197e239074d8ac123b4b6fa699, type: 3}
      propertyPath: m_RootOrder
      value: 0
      objectReference: {fileID: 0}
    - target: {fileID: 6374907703749139395, guid: d85ffb197e239074d8ac123b4b6fa699, type: 3}
      propertyPath: m_LocalPosition.x
      value: 0.35
      objectReference: {fileID: 0}
    - target: {fileID: 6374907703749139395, guid: d85ffb197e239074d8ac123b4b6fa699, type: 3}
      propertyPath: m_LocalPosition.y
      value: 0
      objectReference: {fileID: 0}
    - target: {fileID: 6374907703749139395, guid: d85ffb197e239074d8ac123b4b6fa699, type: 3}
      propertyPath: m_LocalPosition.z
      value: 0
      objectReference: {fileID: 0}
    - target: {fileID: 6374907703749139395, guid: d85ffb197e239074d8ac123b4b6fa699, type: 3}
      propertyPath: m_LocalRotation.w
      value: 1
      objectReference: {fileID: 0}
    - target: {fileID: 6374907703749139395, guid: d85ffb197e239074d8ac123b4b6fa699, type: 3}
      propertyPath: m_LocalRotation.x
      value: 0
      objectReference: {fileID: 0}
    - target: {fileID: 6374907703749139395, guid: d85ffb197e239074d8ac123b4b6fa699, type: 3}
      propertyPath: m_LocalRotation.y
      value: 0
      objectReference: {fileID: 0}
    - target: {fileID: 6374907703749139395, guid: d85ffb197e239074d8ac123b4b6fa699, type: 3}
      propertyPath: m_LocalRotation.z
      value: 0
      objectReference: {fileID: 0}
    - target: {fileID: 6374907703749139395, guid: d85ffb197e239074d8ac123b4b6fa699, type: 3}
      propertyPath: m_LocalEulerAnglesHint.x
      value: 0
      objectReference: {fileID: 0}
    - target: {fileID: 6374907703749139395, guid: d85ffb197e239074d8ac123b4b6fa699, type: 3}
      propertyPath: m_LocalEulerAnglesHint.y
      value: 0
      objectReference: {fileID: 0}
    - target: {fileID: 6374907703749139395, guid: d85ffb197e239074d8ac123b4b6fa699, type: 3}
      propertyPath: m_LocalEulerAnglesHint.z
      value: 0
      objectReference: {fileID: 0}
    m_RemovedComponents: []
  m_SourcePrefab: {fileID: 100100000, guid: d85ffb197e239074d8ac123b4b6fa699, type: 3}
--- !u!4 &7902901168902185550 stripped
Transform:
  m_CorrespondingSourceObject: {fileID: 6374907703749139395, guid: d85ffb197e239074d8ac123b4b6fa699, type: 3}
  m_PrefabInstance: {fileID: 3878873037729266061}
  m_PrefabAsset: {fileID: 0}
--- !u!1001 &3878873037836354267
PrefabInstance:
  m_ObjectHideFlags: 0
  serializedVersion: 2
  m_Modification:
    m_TransformParent: {fileID: 3878873039328764746}
    m_Modifications:
    - target: {fileID: 6374907703749139392, guid: d85ffb197e239074d8ac123b4b6fa699, type: 3}
      propertyPath: m_Name
      value: spawn (5)
      objectReference: {fileID: 0}
    - target: {fileID: 6374907703749139395, guid: d85ffb197e239074d8ac123b4b6fa699, type: 3}
      propertyPath: m_RootOrder
      value: 5
      objectReference: {fileID: 0}
    - target: {fileID: 6374907703749139395, guid: d85ffb197e239074d8ac123b4b6fa699, type: 3}
      propertyPath: m_LocalPosition.x
      value: 3.88
      objectReference: {fileID: 0}
    - target: {fileID: 6374907703749139395, guid: d85ffb197e239074d8ac123b4b6fa699, type: 3}
      propertyPath: m_LocalPosition.y
      value: 0
      objectReference: {fileID: 0}
    - target: {fileID: 6374907703749139395, guid: d85ffb197e239074d8ac123b4b6fa699, type: 3}
      propertyPath: m_LocalPosition.z
      value: -1.03
      objectReference: {fileID: 0}
    - target: {fileID: 6374907703749139395, guid: d85ffb197e239074d8ac123b4b6fa699, type: 3}
      propertyPath: m_LocalRotation.w
      value: 1
      objectReference: {fileID: 0}
    - target: {fileID: 6374907703749139395, guid: d85ffb197e239074d8ac123b4b6fa699, type: 3}
      propertyPath: m_LocalRotation.x
      value: 0
      objectReference: {fileID: 0}
    - target: {fileID: 6374907703749139395, guid: d85ffb197e239074d8ac123b4b6fa699, type: 3}
      propertyPath: m_LocalRotation.y
      value: 0
      objectReference: {fileID: 0}
    - target: {fileID: 6374907703749139395, guid: d85ffb197e239074d8ac123b4b6fa699, type: 3}
      propertyPath: m_LocalRotation.z
      value: 0
      objectReference: {fileID: 0}
    - target: {fileID: 6374907703749139395, guid: d85ffb197e239074d8ac123b4b6fa699, type: 3}
      propertyPath: m_LocalEulerAnglesHint.x
      value: 0
      objectReference: {fileID: 0}
    - target: {fileID: 6374907703749139395, guid: d85ffb197e239074d8ac123b4b6fa699, type: 3}
      propertyPath: m_LocalEulerAnglesHint.y
      value: 0
      objectReference: {fileID: 0}
    - target: {fileID: 6374907703749139395, guid: d85ffb197e239074d8ac123b4b6fa699, type: 3}
      propertyPath: m_LocalEulerAnglesHint.z
      value: 0
      objectReference: {fileID: 0}
    m_RemovedComponents: []
  m_SourcePrefab: {fileID: 100100000, guid: d85ffb197e239074d8ac123b4b6fa699, type: 3}
--- !u!4 &7902901168992278808 stripped
Transform:
  m_CorrespondingSourceObject: {fileID: 6374907703749139395, guid: d85ffb197e239074d8ac123b4b6fa699, type: 3}
  m_PrefabInstance: {fileID: 3878873037836354267}
  m_PrefabAsset: {fileID: 0}
--- !u!1001 &3878873038139584640
PrefabInstance:
  m_ObjectHideFlags: 0
  serializedVersion: 2
  m_Modification:
    m_TransformParent: {fileID: 3878873039328764746}
    m_Modifications:
    - target: {fileID: 6374907703749139392, guid: d85ffb197e239074d8ac123b4b6fa699, type: 3}
      propertyPath: m_Name
      value: spawn (3)
      objectReference: {fileID: 0}
    - target: {fileID: 6374907703749139395, guid: d85ffb197e239074d8ac123b4b6fa699, type: 3}
      propertyPath: m_RootOrder
      value: 3
      objectReference: {fileID: 0}
    - target: {fileID: 6374907703749139395, guid: d85ffb197e239074d8ac123b4b6fa699, type: 3}
      propertyPath: m_LocalPosition.x
      value: 0.19
      objectReference: {fileID: 0}
    - target: {fileID: 6374907703749139395, guid: d85ffb197e239074d8ac123b4b6fa699, type: 3}
      propertyPath: m_LocalPosition.y
      value: 0
      objectReference: {fileID: 0}
    - target: {fileID: 6374907703749139395, guid: d85ffb197e239074d8ac123b4b6fa699, type: 3}
      propertyPath: m_LocalPosition.z
      value: 3.19
      objectReference: {fileID: 0}
    - target: {fileID: 6374907703749139395, guid: d85ffb197e239074d8ac123b4b6fa699, type: 3}
      propertyPath: m_LocalRotation.w
      value: 1
      objectReference: {fileID: 0}
    - target: {fileID: 6374907703749139395, guid: d85ffb197e239074d8ac123b4b6fa699, type: 3}
      propertyPath: m_LocalRotation.x
      value: 0
      objectReference: {fileID: 0}
    - target: {fileID: 6374907703749139395, guid: d85ffb197e239074d8ac123b4b6fa699, type: 3}
      propertyPath: m_LocalRotation.y
      value: 0
      objectReference: {fileID: 0}
    - target: {fileID: 6374907703749139395, guid: d85ffb197e239074d8ac123b4b6fa699, type: 3}
      propertyPath: m_LocalRotation.z
      value: 0
      objectReference: {fileID: 0}
    - target: {fileID: 6374907703749139395, guid: d85ffb197e239074d8ac123b4b6fa699, type: 3}
      propertyPath: m_LocalEulerAnglesHint.x
      value: 0
      objectReference: {fileID: 0}
    - target: {fileID: 6374907703749139395, guid: d85ffb197e239074d8ac123b4b6fa699, type: 3}
      propertyPath: m_LocalEulerAnglesHint.y
      value: 0
      objectReference: {fileID: 0}
    - target: {fileID: 6374907703749139395, guid: d85ffb197e239074d8ac123b4b6fa699, type: 3}
      propertyPath: m_LocalEulerAnglesHint.z
      value: 0
      objectReference: {fileID: 0}
    m_RemovedComponents: []
  m_SourcePrefab: {fileID: 100100000, guid: d85ffb197e239074d8ac123b4b6fa699, type: 3}
--- !u!4 &7902901169297042243 stripped
Transform:
  m_CorrespondingSourceObject: {fileID: 6374907703749139395, guid: d85ffb197e239074d8ac123b4b6fa699, type: 3}
  m_PrefabInstance: {fileID: 3878873038139584640}
  m_PrefabAsset: {fileID: 0}
--- !u!1001 &3878873038784489787
PrefabInstance:
  m_ObjectHideFlags: 0
  serializedVersion: 2
  m_Modification:
    m_TransformParent: {fileID: 3878873039328764746}
    m_Modifications:
    - target: {fileID: 6374907703749139392, guid: d85ffb197e239074d8ac123b4b6fa699, type: 3}
      propertyPath: m_Name
      value: spawn (1)
      objectReference: {fileID: 0}
    - target: {fileID: 6374907703749139395, guid: d85ffb197e239074d8ac123b4b6fa699, type: 3}
      propertyPath: m_RootOrder
      value: 1
      objectReference: {fileID: 0}
    - target: {fileID: 6374907703749139395, guid: d85ffb197e239074d8ac123b4b6fa699, type: 3}
      propertyPath: m_LocalPosition.x
      value: -0.46
      objectReference: {fileID: 0}
    - target: {fileID: 6374907703749139395, guid: d85ffb197e239074d8ac123b4b6fa699, type: 3}
      propertyPath: m_LocalPosition.y
      value: 0
      objectReference: {fileID: 0}
    - target: {fileID: 6374907703749139395, guid: d85ffb197e239074d8ac123b4b6fa699, type: 3}
      propertyPath: m_LocalPosition.z
      value: -3.35
      objectReference: {fileID: 0}
    - target: {fileID: 6374907703749139395, guid: d85ffb197e239074d8ac123b4b6fa699, type: 3}
      propertyPath: m_LocalRotation.w
      value: 1
      objectReference: {fileID: 0}
    - target: {fileID: 6374907703749139395, guid: d85ffb197e239074d8ac123b4b6fa699, type: 3}
      propertyPath: m_LocalRotation.x
      value: 0
      objectReference: {fileID: 0}
    - target: {fileID: 6374907703749139395, guid: d85ffb197e239074d8ac123b4b6fa699, type: 3}
      propertyPath: m_LocalRotation.y
      value: 0
      objectReference: {fileID: 0}
    - target: {fileID: 6374907703749139395, guid: d85ffb197e239074d8ac123b4b6fa699, type: 3}
      propertyPath: m_LocalRotation.z
      value: 0
      objectReference: {fileID: 0}
    - target: {fileID: 6374907703749139395, guid: d85ffb197e239074d8ac123b4b6fa699, type: 3}
      propertyPath: m_LocalEulerAnglesHint.x
      value: 0
      objectReference: {fileID: 0}
    - target: {fileID: 6374907703749139395, guid: d85ffb197e239074d8ac123b4b6fa699, type: 3}
      propertyPath: m_LocalEulerAnglesHint.y
      value: 0
      objectReference: {fileID: 0}
    - target: {fileID: 6374907703749139395, guid: d85ffb197e239074d8ac123b4b6fa699, type: 3}
      propertyPath: m_LocalEulerAnglesHint.z
      value: 0
      objectReference: {fileID: 0}
    m_RemovedComponents: []
  m_SourcePrefab: {fileID: 100100000, guid: d85ffb197e239074d8ac123b4b6fa699, type: 3}
--- !u!4 &7902901167775593208 stripped
Transform:
  m_CorrespondingSourceObject: {fileID: 6374907703749139395, guid: d85ffb197e239074d8ac123b4b6fa699, type: 3}
  m_PrefabInstance: {fileID: 3878873038784489787}
  m_PrefabAsset: {fileID: 0}
--- !u!1001 &3878873038906671651
PrefabInstance:
  m_ObjectHideFlags: 0
  serializedVersion: 2
  m_Modification:
    m_TransformParent: {fileID: 3878873039328764746}
    m_Modifications:
    - target: {fileID: 6374907703749139392, guid: d85ffb197e239074d8ac123b4b6fa699, type: 3}
      propertyPath: m_Name
      value: spawn (2)
      objectReference: {fileID: 0}
    - target: {fileID: 6374907703749139395, guid: d85ffb197e239074d8ac123b4b6fa699, type: 3}
      propertyPath: m_RootOrder
      value: 2
      objectReference: {fileID: 0}
    - target: {fileID: 6374907703749139395, guid: d85ffb197e239074d8ac123b4b6fa699, type: 3}
      propertyPath: m_LocalPosition.x
      value: -2.31
      objectReference: {fileID: 0}
    - target: {fileID: 6374907703749139395, guid: d85ffb197e239074d8ac123b4b6fa699, type: 3}
      propertyPath: m_LocalPosition.y
      value: 0
      objectReference: {fileID: 0}
    - target: {fileID: 6374907703749139395, guid: d85ffb197e239074d8ac123b4b6fa699, type: 3}
      propertyPath: m_LocalPosition.z
      value: 1.3
      objectReference: {fileID: 0}
    - target: {fileID: 6374907703749139395, guid: d85ffb197e239074d8ac123b4b6fa699, type: 3}
      propertyPath: m_LocalRotation.w
      value: 1
      objectReference: {fileID: 0}
    - target: {fileID: 6374907703749139395, guid: d85ffb197e239074d8ac123b4b6fa699, type: 3}
      propertyPath: m_LocalRotation.x
      value: 0
      objectReference: {fileID: 0}
    - target: {fileID: 6374907703749139395, guid: d85ffb197e239074d8ac123b4b6fa699, type: 3}
      propertyPath: m_LocalRotation.y
      value: 0
      objectReference: {fileID: 0}
    - target: {fileID: 6374907703749139395, guid: d85ffb197e239074d8ac123b4b6fa699, type: 3}
      propertyPath: m_LocalRotation.z
      value: 0
      objectReference: {fileID: 0}
    - target: {fileID: 6374907703749139395, guid: d85ffb197e239074d8ac123b4b6fa699, type: 3}
      propertyPath: m_LocalEulerAnglesHint.x
      value: 0
      objectReference: {fileID: 0}
    - target: {fileID: 6374907703749139395, guid: d85ffb197e239074d8ac123b4b6fa699, type: 3}
      propertyPath: m_LocalEulerAnglesHint.y
      value: 0
      objectReference: {fileID: 0}
    - target: {fileID: 6374907703749139395, guid: d85ffb197e239074d8ac123b4b6fa699, type: 3}
      propertyPath: m_LocalEulerAnglesHint.z
      value: 0
      objectReference: {fileID: 0}
    m_RemovedComponents: []
  m_SourcePrefab: {fileID: 100100000, guid: d85ffb197e239074d8ac123b4b6fa699, type: 3}
--- !u!4 &7902901167921895904 stripped
Transform:
  m_CorrespondingSourceObject: {fileID: 6374907703749139395, guid: d85ffb197e239074d8ac123b4b6fa699, type: 3}
  m_PrefabInstance: {fileID: 3878873038906671651}
  m_PrefabAsset: {fileID: 0}
--- !u!1001 &3878873038953857135
PrefabInstance:
  m_ObjectHideFlags: 0
  serializedVersion: 2
  m_Modification:
    m_TransformParent: {fileID: 3878873039328764746}
    m_Modifications:
    - target: {fileID: 6374907703749139392, guid: d85ffb197e239074d8ac123b4b6fa699, type: 3}
      propertyPath: m_Name
      value: spawn (4)
      objectReference: {fileID: 0}
    - target: {fileID: 6374907703749139395, guid: d85ffb197e239074d8ac123b4b6fa699, type: 3}
      propertyPath: m_RootOrder
      value: 4
      objectReference: {fileID: 0}
    - target: {fileID: 6374907703749139395, guid: d85ffb197e239074d8ac123b4b6fa699, type: 3}
      propertyPath: m_LocalPosition.x
      value: -3.12
      objectReference: {fileID: 0}
    - target: {fileID: 6374907703749139395, guid: d85ffb197e239074d8ac123b4b6fa699, type: 3}
      propertyPath: m_LocalPosition.y
      value: 0
      objectReference: {fileID: 0}
    - target: {fileID: 6374907703749139395, guid: d85ffb197e239074d8ac123b4b6fa699, type: 3}
      propertyPath: m_LocalPosition.z
      value: -1.98
      objectReference: {fileID: 0}
    - target: {fileID: 6374907703749139395, guid: d85ffb197e239074d8ac123b4b6fa699, type: 3}
      propertyPath: m_LocalRotation.w
      value: 1
      objectReference: {fileID: 0}
    - target: {fileID: 6374907703749139395, guid: d85ffb197e239074d8ac123b4b6fa699, type: 3}
      propertyPath: m_LocalRotation.x
      value: 0
      objectReference: {fileID: 0}
    - target: {fileID: 6374907703749139395, guid: d85ffb197e239074d8ac123b4b6fa699, type: 3}
      propertyPath: m_LocalRotation.y
      value: 0
      objectReference: {fileID: 0}
    - target: {fileID: 6374907703749139395, guid: d85ffb197e239074d8ac123b4b6fa699, type: 3}
      propertyPath: m_LocalRotation.z
      value: 0
      objectReference: {fileID: 0}
    - target: {fileID: 6374907703749139395, guid: d85ffb197e239074d8ac123b4b6fa699, type: 3}
      propertyPath: m_LocalEulerAnglesHint.x
      value: 0
      objectReference: {fileID: 0}
    - target: {fileID: 6374907703749139395, guid: d85ffb197e239074d8ac123b4b6fa699, type: 3}
      propertyPath: m_LocalEulerAnglesHint.y
      value: 0
      objectReference: {fileID: 0}
    - target: {fileID: 6374907703749139395, guid: d85ffb197e239074d8ac123b4b6fa699, type: 3}
      propertyPath: m_LocalEulerAnglesHint.z
      value: 0
      objectReference: {fileID: 0}
    m_RemovedComponents: []
  m_SourcePrefab: {fileID: 100100000, guid: d85ffb197e239074d8ac123b4b6fa699, type: 3}
--- !u!4 &7902901167946013612 stripped
Transform:
  m_CorrespondingSourceObject: {fileID: 6374907703749139395, guid: d85ffb197e239074d8ac123b4b6fa699, type: 3}
  m_PrefabInstance: {fileID: 3878873038953857135}
  m_PrefabAsset: {fileID: 0}
--- !u!1001 &3878873039738336486
PrefabInstance:
  m_ObjectHideFlags: 0
  serializedVersion: 2
  m_Modification:
    m_TransformParent: {fileID: 3878873039328764746}
    m_Modifications:
    - target: {fileID: 6374907703749139392, guid: d85ffb197e239074d8ac123b4b6fa699, type: 3}
      propertyPath: m_Name
      value: spawn (6)
      objectReference: {fileID: 0}
    - target: {fileID: 6374907703749139395, guid: d85ffb197e239074d8ac123b4b6fa699, type: 3}
      propertyPath: m_RootOrder
      value: 6
      objectReference: {fileID: 0}
    - target: {fileID: 6374907703749139395, guid: d85ffb197e239074d8ac123b4b6fa699, type: 3}
      propertyPath: m_LocalPosition.x
      value: 2.54
      objectReference: {fileID: 0}
    - target: {fileID: 6374907703749139395, guid: d85ffb197e239074d8ac123b4b6fa699, type: 3}
      propertyPath: m_LocalPosition.y
      value: 0
      objectReference: {fileID: 0}
    - target: {fileID: 6374907703749139395, guid: d85ffb197e239074d8ac123b4b6fa699, type: 3}
      propertyPath: m_LocalPosition.z
      value: -2.67
      objectReference: {fileID: 0}
    - target: {fileID: 6374907703749139395, guid: d85ffb197e239074d8ac123b4b6fa699, type: 3}
      propertyPath: m_LocalRotation.w
      value: 1
      objectReference: {fileID: 0}
    - target: {fileID: 6374907703749139395, guid: d85ffb197e239074d8ac123b4b6fa699, type: 3}
      propertyPath: m_LocalRotation.x
      value: 0
      objectReference: {fileID: 0}
    - target: {fileID: 6374907703749139395, guid: d85ffb197e239074d8ac123b4b6fa699, type: 3}
      propertyPath: m_LocalRotation.y
      value: 0
      objectReference: {fileID: 0}
    - target: {fileID: 6374907703749139395, guid: d85ffb197e239074d8ac123b4b6fa699, type: 3}
      propertyPath: m_LocalRotation.z
      value: 0
      objectReference: {fileID: 0}
    - target: {fileID: 6374907703749139395, guid: d85ffb197e239074d8ac123b4b6fa699, type: 3}
      propertyPath: m_LocalEulerAnglesHint.x
      value: 0
      objectReference: {fileID: 0}
    - target: {fileID: 6374907703749139395, guid: d85ffb197e239074d8ac123b4b6fa699, type: 3}
      propertyPath: m_LocalEulerAnglesHint.y
      value: 0
      objectReference: {fileID: 0}
    - target: {fileID: 6374907703749139395, guid: d85ffb197e239074d8ac123b4b6fa699, type: 3}
      propertyPath: m_LocalEulerAnglesHint.z
      value: 0
      objectReference: {fileID: 0}
    m_RemovedComponents: []
  m_SourcePrefab: {fileID: 100100000, guid: d85ffb197e239074d8ac123b4b6fa699, type: 3}
--- !u!4 &7902901167698423589 stripped
Transform:
  m_CorrespondingSourceObject: {fileID: 6374907703749139395, guid: d85ffb197e239074d8ac123b4b6fa699, type: 3}
  m_PrefabInstance: {fileID: 3878873039738336486}
  m_PrefabAsset: {fileID: 0}
